{"neow_bonuses_skipped_log":["REMOVE_CARD","TWENTY_PERCENT_HP_BONUS","BOSS_RELIC"],"potions_obtained_entropic_brew":[[],[],[],[],[],[],[]],"neow_costs_skipped_log":["NONE","CURSE","NONE"],"gold_per_floor":[111,111,129,71,81,81,81],"floor_reached":7,"playtime":207,"items_purged":[],"score":82,"play_id":"19affbb1-29d8-43c7-9413-cd54ad026ee0","local_time":"20250330224052","score_breakdown":["到達した階層 (7): 35","敵モンスター撃破数 (3): 6","エリート撃破：序章 (0): 0","ボス撃破 (0): 0","アセンション (20): 41"],"is_ascension_mode":true,"potions_obtained_alchemize":[[],[],[],[],[],[],[]],"campfire_choices":[{"data":"Catalyst","floor":6,"key":"SMITH"}],"lesson_learned_per_floor":[[],[],[],[],[],[],[]],"neow_cost":"NONE","improvable_cards":{},"seed_source_timestamp":464424522294125,"shop_contents":[{"floor":4,"relics":["Whetstone","Lantern","OrangePellets"],"cards":["Finisher","Slice","Terror","Well Laid Plans","Finesse","Panache"],"potions":["SpeedPotion","SteroidPotion","Energy Potion"]}],"circlet_count":0,"master_deck":["AscendersBane","Strike_G","Strike_G","Strike_G","Strike_G","Strike_G","Defend_G","Defend_G+1","Defend_G","Defend_G","Defend_G","Survivor+1","Neutralize","Catalyst+1","Deadly Poison","Acrobatics","After Image"],"potion_use_per_floor":[[],[],[],[],[],[],[]],"relics":["Ring of the Snake","Toy Ornithopter"],"potions_floor_usage":[],"damage_taken":[{"damage":0,"enemies":"2 Louse","floor":1,"turns":5},{"damage":1,"enemies":"Small Slimes","floor":3,"turns":5},{"damage":0,"enemies":"Cultist","floor":5,"turns":4},{"damage":57,"enemies":"Gremlin Nob","floor":7,"turns":4}],"seed_played":"7800374520101161609","neow_bonus_log":{"cardsObtained":[],"cardsUpgraded":[],"cardsRemoved":[],"cardsTransformed":[],"relicsObtained":["Toy Ornithopter"],"maxHpGained":0,"goldGained":0,"damageTaken":0,"goldLost":0,"maxHpLost":0},"potions_obtained":[],"is_trial":false,"path_per_floor":["M","?","M","$","M","R","E"],"character_chosen":"THE_SILENT","basemod:card_modifiers":[null,null,null,null,null,null,null,null,null,null,null,null,null,null,null,null,null],"items_purchased":["Acrobatics"],"campfire_rested":0,"item_purchase_floors":[4],"current_hp_per_floor":[59,39,38,38,38,38,0],"gold":81,"neow_bonus":"RANDOM_COMMON_RELIC","is_prod":false,"is_daily":false,"rewards_skipped":[],"chose_seed":false,"campfire_upgraded":1,"win_rate":0,"floor_exit_playtime":[74,78,114,125,162,174],"timestamp":1743342052,"path_taken":["M","?","M","$","M","R","E"],"build_version":"2022-12-18","purchased_purges":0,"victory":false,"max_hp_per_floor":[66,66,66,66,66,66,66],"relic_stats":{"counters":[4,18],"obtain_stats":[{"Toy Ornithopter":0,"Ring of the Snake":0},{"Toy Ornithopter":0,"Ring of the Snake":0},{"Toy Ornithopter":0,"Ring of the Snake":0}],"Toy Ornithopter":0,"Ring of the Snake":[8]},"card_choices":[{"not_picked":["Prepared","Leg Sweep"],"picked":"Catalyst","floor":1},{"not_picked":["Deflect","Infinite Blades"],"picked":"Deadly Poison","floor":3},{"not_picked":["Cloak And Dagger","Leg Sweep"],"picked":"After Image","floor":5}],"player_experience":999866,"relics_obtained":[],"event_choices":[{"damage_healed":0,"gold_gain":0,"player_choice":"Entered Light","damage_taken":20,"max_hp_gain":0,"max_hp_loss":0,"event_name":"Shining Light","floor":2,"gold_loss":0,"cards_upgraded":["Defend_G","Survivor"]}],"is_beta":false,"boss_relics":[],"items_purged_floors":[],"is_endless":false,"potions_floor_spawned":[],"killed_by":"Gremlin Nob","ascension_level":20,"potion_discard_per_floor":[[],[],[],[],[],[],[]]}