{"neow_bonuses_skipped_log":["TEN_PERCENT_HP_BONUS"],"potions_obtained_entropic_brew":[[],[],[],[],[],[]],"neow_costs_skipped_log":["NONE"],"gold_per_floor":[112,112,122,122,138,138],"floor_reached":6,"playtime":91,"items_purged":[],"score":72,"play_id":"a91a23de-b9ba-4f04-af0e-868796872f05","local_time":"20250406163542","score_breakdown":["到達した階層 (6): 30","敵モンスター撃破数 (3): 6","エリート撃破：序章 (0): 0","ボス撃破 (0): 0","アセンション (20): 36"],"is_ascension_mode":true,"potions_obtained_alchemize":[[],[],[],[],[],[]],"campfire_choices":[],"lesson_learned_per_floor":[[],[],[],[],[],[]],"neow_cost":"NONE","improvable_cards":{},"seed_source_timestamp":586717759818541,"shop_contents":[],"circlet_count":0,"master_deck":["AscendersBane","Strike_G","Strike_G","Strike_G","Strike_G","Defend_G","Defend_G","Defend_G","Defend_G","Defend_G","Survivor","Neutralize","Poisoned Stab","Outmaneuver","Blade Dance","Grand Finale","Poisoned Stab"],"potion_use_per_floor":[[],[],[],[],[],[]],"relics":["Ring of the Snake","NeowsBlessing"],"potions_floor_usage":[],"damage_taken":[{"damage":0,"enemies":"Small Slimes","floor":1,"turns":1},{"damage":0,"enemies":"Jaw Worm","floor":3,"turns":1},{"damage":0,"enemies":"Cultist","floor":5,"turns":1},{"damage":60,"enemies":"Gremlin Nob","floor":6,"turns":4}],"seed_played":"5206662371725689620","neow_bonus_log":{"cardsObtained":[],"cardsUpgraded":[],"cardsRemoved":[],"cardsTransformed":[],"relicsObtained":["NeowsBlessing"],"maxHpGained":0,"goldGained":0,"damageTaken":0,"goldLost":0,"maxHpLost":0},"potions_obtained":[{"floor":5,"key":"EssenceOfSteel"}],"is_trial":false,"path_per_floor":["M","?","M","?","M","E"],"character_chosen":"THE_SILENT","basemod:card_modifiers":[null,null,null,null,null,null,null,null,null,null,null,null,null,null,null,null,null],"items_purchased":[],"campfire_rested":0,"item_purchase_floors":[],"current_hp_per_floor":[59,59,59,59,59,0],"gold":138,"neow_bonus":"THREE_ENEMY_KILL","is_prod":false,"is_daily":false,"rewards_skipped":[],"chose_seed":false,"campfire_upgraded":0,"win_rate":0,"floor_exit_playtime":[22,27,34,51,61],"timestamp":1743924942,"path_taken":["M","?","M","?","M","E"],"build_version":"2022-12-18","purchased_purges":0,"victory":false,"max_hp_per_floor":[66,66,66,66,66,66],"relic_stats":{"counters":[4,7],"obtain_stats":[{"NeowsBlessing":0,"Ring of the Snake":0},{"NeowsBlessing":0,"Ring of the Snake":0},{"NeowsBlessing":0,"Ring of the Snake":0}],"Ring of the Snake":[8]},"card_choices":[{"not_picked":["Sucker Punch","Slice"],"picked":"Poisoned Stab","floor":1},{"not_picked":["Leg Sweep","Setup"],"picked":"Blade Dance","floor":3},{"not_picked":["Bane","Slice"],"picked":"Poisoned Stab","floor":5}],"player_experience":1015163,"relics_obtained":[],"event_choices":[{"damage_healed":0,"gold_gain":0,"cards_transformed":["Strike_G"],"player_choice":"Change","damage_taken":0,"max_hp_gain":0,"max_hp_loss":0,"event_name":"Living Wall","floor":2,"gold_loss":0,"cards_obtained":["Outmaneuver"]},{"damage_healed":0,"gold_gain":0,"player_choice":"1 cards matched","damage_taken":0,"max_hp_gain":0,"max_hp_loss":0,"event_name":"Match and Keep!","floor":4,"gold_loss":0,"cards_obtained":["Grand Finale"]}],"is_beta":false,"boss_relics":[],"items_purged_floors":[],"is_endless":false,"potions_floor_spawned":[5],"killed_by":"Gremlin Nob","ascension_level":20,"potion_discard_per_floor":[[],[],[],[],[],[]]}