{"neow_bonuses_skipped_log":["UPGRADE_CARD","THREE_SMALL_POTIONS","BOSS_RELIC"],"potions_obtained_entropic_brew":[[],[],[],[],[],[],[],[],[],[],[],[]],"neow_costs_skipped_log":["NONE","NONE","NONE"],"gold_per_floor":[118,118,118,128,148,173,173,173,173,173,173,173],"floor_reached":12,"playtime":357,"items_purged":[],"score":152,"play_id":"9d53d5ed-171f-4655-bd2d-26d0af8648ab","local_time":"20250330093730","score_breakdown":["到達した階層 (12): 60","敵モンスター撃破数 (3): 6","エリート撃破：序章 (1): 10","ボス撃破 (0): 0","アセンション (20): 76"],"is_ascension_mode":true,"potions_obtained_alchemize":[[],[],[],[],[],[],[],[],[],[],[],[]],"campfire_choices":[{"floor":8,"key":"REST"},{"data":"Infinite Blades","floor":11,"key":"SMITH"}],"lesson_learned_per_floor":[[],[],[],[],[],[],[],[],[],[],[],[]],"neow_cost":"TEN_PERCENT_HP_LOSS","improvable_cards":{},"seed_source_timestamp":437113858357375,"shop_contents":[],"circlet_count":0,"master_deck":["AscendersBane","Strike_G","Strike_G","Strike_G","Strike_G","Defend_G","Defend_G","Defend_G","Defend_G","Survivor","Neutralize","Dagger Spray","Infinite Blades+1","Backflip","PiercingWail","Adrenaline"],"potion_use_per_floor":[[],[],[],[],[],["CunningPotion"],[],[],[],[],[],[]],"relics":["Ring of the Snake","Bird Faced Urn","Letter Opener","Juzu Bracelet"],"potions_floor_usage":[6],"damage_taken":[{"damage":4,"enemies":"Jaw Worm","floor":1,"turns":5},{"damage":7,"enemies":"Small Slimes","floor":4,"turns":4},{"damage":3,"enemies":"Cultist","floor":5,"turns":4},{"damage":50,"enemies":"Gremlin Nob","floor":6,"turns":5},{"damage":26,"enemies":"Lagavulin","floor":12,"turns":7}],"seed_played":"665574457368425848","neow_bonus_log":{"cardsObtained":[],"cardsUpgraded":[],"cardsRemoved":[],"cardsTransformed":[],"relicsObtained":["Bird Faced Urn"],"maxHpGained":0,"goldGained":0,"damageTaken":0,"goldLost":0,"maxHpLost":6},"potions_obtained":[{"floor":4,"key":"CunningPotion"}],"is_trial":false,"path_per_floor":["M","?","?","M","M","E","?","R","T","?","R","E"],"character_chosen":"THE_SILENT","basemod:card_modifiers":[null,null,null,null,null,null,null,null,null,null,null,null,null,null,null,null],"items_purchased":[],"campfire_rested":1,"item_purchase_floors":[],"current_hp_per_floor":[55,55,55,50,49,1,1,19,19,19,19,0],"gold":173,"neow_bonus":"ONE_RARE_RELIC","is_prod":false,"is_daily":false,"rewards_skipped":[],"chose_seed":false,"campfire_upgraded":1,"win_rate":0,"floor_exit_playtime":[78,81,93,136,173,230,240,244,248,265,276],"timestamp":1743295050,"path_taken":["M","?","?","?","M","E","?","R","T","?","R","E"],"build_version":"2022-12-18","purchased_purges":0,"victory":false,"max_hp_per_floor":[60,60,60,60,60,60,60,60,60,60,60,60],"relic_stats":{"counters":[5,25],"Bird Faced Urn":[8],"Juzu Bracelet":0,"Letter Opener":[5],"obtain_stats":[{"Bird Faced Urn":0,"Juzu Bracelet":9,"Letter Opener":6,"Ring of the Snake":0},{"Bird Faced Urn":0,"Juzu Bracelet":4,"Letter Opener":4,"Ring of the Snake":0},{"Bird Faced Urn":0,"Juzu Bracelet":18,"Letter Opener":18,"Ring of the Snake":0}],"Ring of the Snake":[10]},"card_choices":[{"not_picked":["Cloak And Dagger","PiercingWail"],"picked":"Dagger Spray","floor":1},{"not_picked":["Sucker Punch","Flechettes"],"picked":"Backflip","floor":4},{"not_picked":["Bane","Slice"],"picked":"PiercingWail","floor":5},{"not_picked":["Flechettes","Poisoned Stab"],"picked":"Adrenaline","floor":6}],"player_experience":997978,"relics_obtained":[{"floor":6,"key":"Letter Opener"},{"floor":9,"key":"Juzu Bracelet"}],"event_choices":[{"damage_healed":0,"gold_gain":0,"player_choice":"Ignored","damage_taken":0,"max_hp_gain":0,"max_hp_loss":0,"event_name":"Liars Game","floor":2,"gold_loss":0},{"damage_healed":0,"gold_gain":0,"cards_transformed":["Defend_G"],"player_choice":"Transformed","damage_taken":0,"max_hp_gain":0,"max_hp_loss":0,"event_name":"Transmorgrifier","floor":3,"gold_loss":0,"cards_obtained":["Infinite Blades"]},{"damage_healed":0,"gold_gain":0,"player_choice":"Searched \u00270\u0027 times","damage_taken":0,"max_hp_gain":0,"max_hp_loss":0,"event_name":"Dead Adventurer","floor":7,"gold_loss":0},{"cards_removed":["Strike_G"],"damage_healed":0,"gold_gain":0,"player_choice":"Offered Basic","damage_taken":0,"max_hp_gain":0,"max_hp_loss":0,"event_name":"Bonfire Elementals","floor":10,"gold_loss":0}],"is_beta":false,"boss_relics":[],"items_purged_floors":[],"is_endless":false,"potions_floor_spawned":[4],"killed_by":"Lagavulin","ascension_level":20,"potion_discard_per_floor":[[],[],[],[],[],[],[],[],[],[],[],[]]}