{"neow_bonuses_skipped_log":["THREE_CARDS","TEN_PERCENT_HP_BONUS","BOSS_RELIC"],"potions_obtained_entropic_brew":[[],[],[],[],[],[],[],[],[],[],[]],"neow_costs_skipped_log":["NONE","NONE","NONE"],"gold_per_floor":[117,137,62,62,72,72,90,123,123,139,139],"floor_reached":11,"playtime":321,"items_purged":["Regret"],"score":150,"play_id":"a5331338-0b59-48fd-85ff-8e9df76ba240","local_time":"20250406163402","score_breakdown":["到達した階層 (11): 55","敵モンスター撃破数 (5): 10","エリート撃破：序章 (1): 10","ボス撃破 (0): 0","アセンション (20): 75"],"is_ascension_mode":true,"potions_obtained_alchemize":[[],[],[],[],[],[],[],[],[],[],[]],"campfire_choices":[{"data":"Dagger Spray","floor":6,"key":"SMITH"}],"lesson_learned_per_floor":[[],[],[],[],[],[],[],[],[],[],[]],"neow_cost":"CURSE","improvable_cards":{},"seed_source_timestamp":586387660768000,"shop_contents":[{"floor":3,"relics":["Bottled Flame","InkBottle","Membership Card"],"cards":["Quick Slash","Dagger Spray","Distraction","Leg Sweep","A Thousand Cuts","Blind","Transmutation"],"potions":["Regen Potion","DuplicationPotion","SpeedPotion"]}],"circlet_count":0,"master_deck":["AscendersBane","Strike_G","Strike_G","Strike_G","Strike_G","Strike_G","Defend_G","Defend_G","Defend_G","Defend_G","Defend_G","Survivor","Neutralize","Flying Knee","Dagger Spray+1","Blade Dance","Terror","Backflip","Underhanded Strike"],"potion_use_per_floor":[[],[],[],[],[],[],[],["Regen Potion","Strength Potion"],[],[],[]],"relics":["Ring of the Snake","Tough Bandages","Art of War","Bag of Marbles"],"potions_floor_usage":[8,8],"damage_taken":[{"damage":2,"enemies":"Jaw Worm","floor":1,"turns":5},{"damage":11,"enemies":"2 Louse","floor":2,"turns":5},{"damage":1,"enemies":"Cultist","floor":5,"turns":4},{"damage":26,"enemies":"Large Slime","floor":7,"turns":7},{"damage":5,"enemies":"Gremlin Nob","floor":8,"turns":3},{"damage":10,"enemies":"Exordium Wildlife","floor":10,"turns":3},{"damage":20,"enemies":"Lagavulin","floor":11,"turns":3}],"seed_played":"-6174660902461702744","neow_bonus_log":{"cardsObtained":["Regret"],"cardsUpgraded":[],"cardsRemoved":[],"cardsTransformed":[],"relicsObtained":["Tough Bandages"],"maxHpGained":0,"goldGained":0,"damageTaken":0,"goldLost":0,"maxHpLost":0},"potions_obtained":[{"floor":5,"key":"Strength Potion"},{"floor":7,"key":"Regen Potion"}],"is_trial":false,"path_per_floor":["M","M","$","?","M","R","M","E","T","M","E"],"character_chosen":"THE_SILENT","basemod:card_modifiers":[null,null,null,null,null,null,null,null,null,null,null,null,null,null,null,null,null,null,null],"items_purchased":[],"campfire_rested":0,"item_purchase_floors":[],"current_hp_per_floor":[57,46,46,51,50,50,24,28,28,18,0],"gold":139,"neow_bonus":"ONE_RARE_RELIC","is_prod":false,"is_daily":false,"rewards_skipped":[],"chose_seed":false,"campfire_upgraded":1,"win_rate":0,"floor_exit_playtime":[53,104,115,120,156,163,216,258,261,294],"timestamp":1743924842,"path_taken":["M","M","$","?","M","R","M","E","T","M","E"],"build_version":"2022-12-18","purchased_purges":1,"victory":false,"max_hp_per_floor":[66,66,66,71,71,71,71,71,71,71,71],"relic_stats":{"Tough Bandages":[9],"counters":[7,30],"Art of War":[0],"obtain_stats":[{"Tough Bandages":0,"Art of War":8,"Bag of Marbles":9,"Ring of the Snake":0},{"Tough Bandages":0,"Art of War":5,"Bag of Marbles":5,"Ring of the Snake":0},{"Tough Bandages":0,"Art of War":24,"Bag of Marbles":24,"Ring of the Snake":0}],"Ring of the Snake":[14]},"card_choices":[{"not_picked":["PiercingWail","Dash"],"picked":"Flying Knee","floor":1},{"not_picked":["Deadly Poison","Poisoned Stab"],"picked":"Dagger Spray","floor":2},{"not_picked":["Cloak And Dagger","Backflip"],"picked":"Blade Dance","floor":5},{"not_picked":["Deflect","Outmaneuver"],"picked":"Terror","floor":7},{"not_picked":["Expertise","Doppelganger"],"picked":"Backflip","floor":8},{"not_picked":["Dash","Dodge and Roll"],"picked":"Underhanded Strike","floor":10}],"player_experience":1014842,"relics_obtained":[{"floor":8,"key":"Art of War"},{"floor":9,"key":"Bag of Marbles"}],"event_choices":[{"damage_healed":0,"gold_gain":0,"player_choice":"Donut","damage_taken":0,"max_hp_gain":5,"max_hp_loss":0,"event_name":"Big Fish","floor":4,"gold_loss":0}],"is_beta":false,"boss_relics":[],"items_purged_floors":[3],"is_endless":false,"potions_floor_spawned":[5,7],"killed_by":"Lagavulin","ascension_level":20,"potion_discard_per_floor":[[],[],[],[],[],[],[],[],[],[],[]]}