{"neow_bonuses_skipped_log":["TEN_PERCENT_HP_BONUS"],"potions_obtained_entropic_brew":[[],[],[],[],[],[],[],[],[],[],[],[],[],[],[],[]],"neow_costs_skipped_log":["NONE"],"gold_per_floor":[112,112,132,150,164,164,195,195,195,195,195,215,245,39,39,39],"floor_reached":16,"playtime":427,"items_purged":["Strike_G"],"score":220,"play_id":"5c1d1dd2-6538-400a-b429-4de31ec534cb","local_time":"20250330224809","score_breakdown":["到達した階層 (16): 80","敵モンスター撃破数 (5): 10","エリート撃破：序章 (2): 20","ボス撃破 (0): 0","アセンション (20): 110"],"is_ascension_mode":true,"potions_obtained_alchemize":[[],[],[],[],[],[],[],[],[],[],[],[],[],[],[],[]],"campfire_choices":[{"data":"Eviscerate","floor":6,"key":"SMITH"},{"floor":10,"key":"REST"},{"data":"Neutralize","floor":15,"key":"SMITH"}],"lesson_learned_per_floor":[[],[],[],[],[],[],[],[],[],[],[],[],[],[],[],[]],"neow_cost":"NONE","improvable_cards":{},"seed_source_timestamp":464641367365209,"shop_contents":[{"floor":14,"relics":["Singing Bowl","HornCleat"],"cards":["Skewer","Riddle With Holes","Setup","Blade Dance","Infinite Blades","Madness","Metamorphosis"],"potions":["LiquidMemories","Energy Potion","SmokeBomb"]}],"circlet_count":0,"master_deck":["AscendersBane","Strike_G","Strike_G","Strike_G","Defend_G","Defend_G","Defend_G","Defend_G","Survivor","Neutralize+1","Eviscerate+1","Choke","Dash","Bullet Time"],"potion_use_per_floor":[[],[],[],[],[],[],["Strength Potion"],[],[],[],[],[],["DistilledChaos"],[],[],[]],"relics":["Ring of the Snake","NeowsBlessing","Bird Faced Urn","Pantograph","Darkstone Periapt","Membership Card"],"potions_floor_usage":[7,13],"damage_taken":[{"damage":0,"enemies":"Jaw Worm","floor":1,"turns":1},{"damage":0,"enemies":"Cultist","floor":3,"turns":1},{"damage":0,"enemies":"2 Louse","floor":4,"turns":1},{"damage":16,"enemies":"Large Slime","floor":5,"turns":6},{"damage":26,"enemies":"Gremlin Nob","floor":7,"turns":4},{"damage":4,"enemies":"3 Louse","floor":12,"turns":4},{"damage":19,"enemies":"3 Sentries","floor":13,"turns":9},{"damage":38,"enemies":"Slime Boss","floor":16,"turns":7}],"seed_played":"-3087100753834815861","neow_bonus_log":{"cardsObtained":[],"cardsUpgraded":[],"cardsRemoved":[],"cardsTransformed":[],"relicsObtained":["NeowsBlessing"],"maxHpGained":0,"goldGained":0,"damageTaken":0,"goldLost":0,"maxHpLost":0},"potions_obtained":[{"floor":1,"key":"Strength Potion"},{"floor":4,"key":"DistilledChaos"},{"floor":7,"key":"GamblersBrew"},{"floor":13,"key":"Poison Potion"}],"is_trial":false,"path_per_floor":["M","?","M","M","M","R","E","?","T","R","?","M","E","$","R","B"],"character_chosen":"THE_SILENT","basemod:card_modifiers":[null,null,null,null,null,null,null,null,null,null,null,null,null,null],"items_purchased":["Membership Card"],"campfire_rested":1,"item_purchase_floors":[14],"current_hp_per_floor":[59,59,59,59,43,43,17,17,17,36,29,25,6,6,6,0],"gold":39,"neow_bonus":"THREE_ENEMY_KILL","is_prod":false,"is_daily":false,"rewards_skipped":[],"chose_seed":false,"campfire_upgraded":2,"win_rate":0,"floor_exit_playtime":[22,28,43,55,113,121,153,159,163,168,189,236,333,347,370],"timestamp":1743342489,"path_taken":["M","?","M","?","M","R","E","?","T","R","?","M","E","$","R","BOSS"],"build_version":"2022-12-18","purchased_purges":1,"victory":false,"max_hp_per_floor":[66,66,66,66,66,66,66,66,66,66,66,66,66,66,66,66],"relic_stats":{"Darkstone Periapt":0,"counters":[8,33],"Bird Faced Urn":[0],"Pantograph":25,"Membership Card":37,"obtain_stats":[{"Darkstone Periapt":13,"NeowsBlessing":0,"Bird Faced Urn":7,"Pantograph":9,"Membership Card":14,"Ring of the Snake":0},{"Darkstone Periapt":7,"NeowsBlessing":0,"Bird Faced Urn":5,"Pantograph":5,"Membership Card":7,"Ring of the Snake":0},{"Darkstone Periapt":26,"NeowsBlessing":0,"Bird Faced Urn":13,"Pantograph":13,"Membership Card":26,"Ring of the Snake":0}],"Ring of the Snake":[16]},"card_choices":[{"not_picked":["Well Laid Plans","Tactician"],"picked":"Eviscerate","floor":1},{"not_picked":["Flying Knee","Bane"],"picked":"Dash","floor":3},{"not_picked":["Poisoned Stab","Masterful Stab","Blade Dance"],"picked":"SKIP","floor":4},{"not_picked":["Slice","Deflect","Blade Dance"],"picked":"SKIP","floor":5},{"not_picked":["Finisher","Blade Dance","Deadly Poison"],"picked":"SKIP","floor":7},{"not_picked":["Reflex","Slice"],"picked":"Bullet Time","floor":12},{"not_picked":["Slice","Bullet Time","Finisher"],"picked":"SKIP","floor":13}],"player_experience":1000073,"relics_obtained":[{"floor":7,"key":"Bird Faced Urn"},{"floor":9,"key":"Pantograph"},{"floor":13,"key":"Darkstone Periapt"}],"event_choices":[{"damage_healed":0,"gold_gain":0,"cards_transformed":["Strike_G"],"player_choice":"Transformed","damage_taken":0,"max_hp_gain":0,"max_hp_loss":0,"event_name":"Transmorgrifier","floor":2,"gold_loss":0,"cards_obtained":["Choke"]},{"damage_healed":0,"gold_gain":0,"player_choice":"Ignored","damage_taken":0,"max_hp_gain":0,"max_hp_loss":0,"event_name":"Liars Game","floor":8,"gold_loss":0},{"cards_removed":["Defend_G"],"damage_healed":0,"gold_gain":0,"player_choice":"Card Removal","damage_taken":7,"max_hp_gain":0,"max_hp_loss":0,"event_name":"Golden Wing","floor":11,"gold_loss":0}],"is_beta":false,"boss_relics":[],"items_purged_floors":[14],"is_endless":false,"potions_floor_spawned":[1,4,7,13],"killed_by":"Slime Boss","ascension_level":20,"potion_discard_per_floor":[[],[],[],[],[],[],[],[],[],[],[],[],[],[],[],[]]}