{"neow_bonuses_skipped_log":["TRANSFORM_CARD","HUNDRED_GOLD","BOSS_RELIC"],"potions_obtained_entropic_brew":[[],[],[],[],[],[],[],[],[],[],[],[],[],[],[],[],[],[],[],[],[],[],[],[],[],[],[],[],[],[],[],[],[],[],[],[],[],[],[],[],[],[],[],[],[],[],[],[],[],[],[]],"neow_costs_skipped_log":["NONE","NONE","NONE"],"gold_per_floor":[109,127,127,137,152,181,181,181,181,181,193,220,220,249,249,321,321,332,350,400,426,426,457,457,106,106,23,23,42,76,36,36,108,108,128,128,140,153,173,173,173,203,203,0,0,18,50,68,68,68,68],"floor_reached":51,"playtime":3447,"items_purged":["Strike_G"],"score":1551,"play_id":"0534664d-b6cb-4a8c-be14-98e9b6f8f12f","local_time":"20250328211914","score_breakdown":["到達した階層 (51): 255","敵モンスター撃破数 (14): 28","エリート撃破：序章 (3): 30","エリート撃破：シティ (2): 40","エリート撃破：彼方 (2): 60","ボス撃破 (3): 300","お腹一杯: 25","チャンピオン (1): 25","オーバーキル: 25","アセンション (20): 763"],"is_ascension_mode":true,"potions_obtained_alchemize":[[],[],[],[],[],[],[],[],[],[],[],[],[],[],[],[],[],[],[],[],[],[],[],[],[],[],[],[],[],[],[],[],[],[],[],[],[],[],[],[],[],[],[],[],[],[],[],[],[],[],[]],"campfire_choices":[{"floor":8.0,"key":"REST"},{"data":"Panache","floor":10.0,"key":"SMITH"},{"floor":13.0,"key":"REST"},{"floor":15.0,"key":"REST"},{"data":"Tactician","floor":24.0,"key":"SMITH"},{"data":"Neutralize","floor":28.0,"key":"SMITH"},{"data":"Calculated Gamble","floor":32.0,"key":"SMITH"},{"floor":40.0,"key":"REST"},{"floor":45.0,"key":"REST"},{"floor":49,"key":"RECALL"}],"lesson_learned_per_floor":[[],[],[],[],[],[],[],[],[],[],[],[],[],[],[],[],[],[],[],[],[],[],[],[],[],[],[],[],[],[],[],[],[],[],[],[],[],[],[],[],[],[],[],[],[],[],[],[],[],[],[]],"neow_cost":"PERCENT_DAMAGE","improvable_cards":{},"seed_source_timestamp":0,"shop_contents":[{"floor":25,"relics":["Mercury Hourglass","Lee\u0027s Waffle"],"cards":["Slice+1","Bane+1","Crippling Poison","Dodge and Roll","Caltrops","Bandage Up","Thinking Ahead"],"potions":["GamblersBrew","ColorlessPotion","Fire Potion"]},{"floor":27,"relics":["Incense Burner","Ornamental Fan","Medical Kit"],"cards":["Flying Knee+1","Bane+1","Outmaneuver","Blade Dance","Forethought","Apotheosis"],"potions":["Dexterity Potion","Poison Potion","Fire Potion"]},{"floor":31,"relics":["Strawberry","Bottled Tornado","DollysMirror"],"cards":["Flying Knee+1","Choke+1","Terror","Deflect","Jack Of All Trades","Thinking Ahead"],"potions":["DuplicationPotion","Strength Potion","SkillPotion"]},{"floor":36,"relics":["Bottled Lightning","TungstenRod","Chemical X"],"cards":["Endless Agony+1","Grand Finale+1","Dodge and Roll","Bouncing Flask","Noxious Fumes","PanicButton","Master of Strategy"],"potions":["Block Potion","SteroidPotion","Weak Potion"]}],"circlet_count":0,"master_deck":["AscendersBane","Strike_G","Defend_G","Defend_G","Defend_G","Defend_G","Defend_G","Survivor","Neutralize+1","Panache+1","Escape Plan","Heel Hook","Infinite Blades","Tactician+1","Backflip","Corpse Explosion","Blade Dance","Bane+1","Prepared+1","Panache+1","Infinite Blades","Calculated Gamble+1","Malaise","Infinite Blades","After Image","Heel Hook+1","Tools of the Trade+1","After Image+1","PiercingWail","Concentrate+1","Madness","Madness","Doppelganger","Caltrops"],"special_seed":0,"potion_use_per_floor":[[],[],[],[],[],["Poison Potion"],[],[],[],[],[],["SkillPotion"],[],[],[],["LiquidBronze","Strength Potion"],[],["Energy Potion"],[],[],[],[],["EssenceOfSteel"],[],[],[],[],[],[],[],[],[],[],[],["Block Potion"],[],[],[],["Swift Potion"],[],[],[],[],[],[],[],["SkillPotion"],[],[],["SteroidPotion"],["DuplicationPotion"]],"relics":["Ring of the Snake","Molten Egg 2","Gremlin Horn","Singing Bowl","MealTicket","Runic Pyramid","Centennial Puzzle","Pantograph","White Beast Statue","Dream Catcher","Astrolabe","Letter Opener","Pen Nib","Red Mask","Art of War"],"potions_floor_usage":[47,50,51],"damage_taken":[{"damage":0.0,"enemies":"2 Louse","floor":1.0,"turns":3.0},{"damage":0.0,"enemies":"Jaw Worm","floor":2.0,"turns":4.0},{"damage":1.0,"enemies":"Cultist","floor":4.0,"turns":5.0},{"damage":17.0,"enemies":"Exordium Wildlife","floor":5.0,"turns":6.0},{"damage":21.0,"enemies":"Lagavulin","floor":6.0,"turns":9.0},{"damage":14.0,"enemies":"Exordium Thugs","floor":11.0,"turns":5.0},{"damage":16.0,"enemies":"3 Sentries","floor":12.0,"turns":5.0},{"damage":14.0,"enemies":"Lagavulin","floor":14.0,"turns":7.0},{"damage":8.0,"enemies":"Hexaghost","floor":16.0,"turns":7.0},{"damage":12.0,"enemies":"2 Thieves","floor":18.0,"turns":2.0},{"damage":21.0,"enemies":"Shell Parasite","floor":19.0,"turns":7.0},{"damage":0.0,"enemies":"Gremlin Leader","floor":23.0,"turns":4.0},{"damage":16.0,"enemies":"3 Cultists","floor":29.0,"turns":3.0},{"damage":12.0,"enemies":"Book of Stabbing","floor":30.0,"turns":4.0},{"damage":67.0,"enemies":"Champ","floor":33.0,"turns":10.0},{"damage":9.0,"enemies":"3 Darklings","floor":35.0,"turns":2.0},{"damage":6.0,"enemies":"3 Shapes","floor":37.0,"turns":4.0},{"damage":34.0,"enemies":"Writhing Mass","floor":38.0,"turns":7.0},{"damage":5.0,"enemies":"Transient","floor":39.0,"turns":6.0},{"damage":4.0,"enemies":"Reptomancer","floor":42.0,"turns":5.0},{"damage":0.0,"enemies":"Maw","floor":46.0,"turns":8.0},{"damage":47,"enemies":"Nemesis","floor":47,"turns":9},{"damage":5,"enemies":"3 Darklings","floor":48,"turns":3},{"damage":33,"enemies":"Donu and Deca","floor":50,"turns":6},{"damage":36,"enemies":"Time Eater","floor":51,"turns":14}],"green_key_taken_log":47,"seed_played":"-60709301854748765","neow_bonus_log":{"cardsObtained":[],"cardsUpgraded":[],"cardsRemoved":[],"cardsTransformed":[],"relicsObtained":[],"maxHpGained":0,"goldGained":0,"damageTaken":15,"goldLost":0,"maxHpLost":0},"potions_obtained":[{"floor":1.0,"key":"Poison Potion"},{"floor":2.0,"key":"SkillPotion"},{"floor":6.0,"key":"Energy Potion"},{"floor":11.0,"key":"LiquidBronze"},{"floor":14.0,"key":"Strength Potion"},{"floor":16.0,"key":"Energy Potion"},{"floor":19.0,"key":"EssenceOfSteel"},{"floor":29.0,"key":"SteroidPotion"},{"floor":30.0,"key":"Block Potion"},{"floor":35.0,"key":"Strength Potion"},{"floor":38.0,"key":"Swift Potion"},{"floor":39.0,"key":"FearPotion"},{"floor":42.0,"key":"SkillPotion"},{"floor":46,"key":"DuplicationPotion"},{"floor":47,"key":"Strength Potion"},{"floor":48,"key":"SteroidPotion"}],"is_trial":false,"path_per_floor":["M","M","?","M","M","E","?","R","T","R","M","E","R","E","R","B",null,"M","M","?","T","?","E","R","$","T","$","R","M","E","$","R","B",null,"M","$","M","M","M","R","?","E","T","?","R","M","E","M","R","B","B"],"character_chosen":"THE_SILENT","basemod:card_modifiers":[null,null,null,null,null,null,null,null,null,null,null,null,null,null,null,null,null,null,null,null,null,null,null,null,null,null,null,null,null,null,null,null,null,null],"items_purchased":["White Beast Statue","Infinite Blades","Infinite Blades"],"campfire_rested":5,"item_purchase_floors":[25,27,31],"current_hp_per_floor":[44,44,49,48,31,10,10,31,31,31,17,1,22,8,29,23,61,49,30,30,30,30,32,32,47,47,62,62,46,34,49,49,7,60,51,66,62,30,27,51,36,32,32,32,58,60,13,10,10,2,0],"gold":68,"neow_bonus":"RANDOM_COLORLESS_2","is_prod":false,"is_daily":false,"rewards_skipped":[{"floor":7,"relics":[],"potions":["SmokeBomb","SpeedPotion"]},{"floor":33,"relics":[],"potions":["Explosive Potion"]},{"floor":37,"relics":[],"potions":["Swift Potion"]}],"chose_seed":false,"campfire_upgraded":4,"win_rate":0,"floor_exit_playtime":[62,110,116,167,239,344,352,357,361,384,470,569,573,675,679,810,854,909,1026,1033,1036,1045,1135,1144,1191,1195,1212,1231,1293,1389,1404,1416,1642,1676,1743,1761,1857,2014,2187,2199,2207,2357,2361,2381,2388,2536,2819,2930,2938,3134],"timestamp":1743164354,"blue_key_relic_skipped_log":{"floor":26,"relicID":"Blue Candle"},"path_taken":["M","M","?","M","M","E","?","R","T","R","?","E","R","E","R","BOSS","M","M","?","?","?","E","R","$","T","$","R","M","E","$","R","BOSS","M","?","M","M","M","R","?","E","T","?","R","M","E","M","R","BOSS","BOSS"],"build_version":"2022-12-18","purchased_purges":1,"victory":false,"max_hp_per_floor":[66,66,71,71,71,71,71,71,71,71,71,71,71,71,71,73,73,73,75,75,75,75,77,77,77,77,77,77,77,77,77,77,77,77,77,77,79,81,83,83,83,83,83,83,85,87,87,89,89,89,89],"relic_stats":{"Gremlin Horn":[13,13],"Singing Bowl":18,"counters":[25,145],"Astrolabe":["Heel Hook","Tools of the Trade","After Image"],"Pen Nib":[12],"Letter Opener":[144],"White Beast Statue":[0.0024998400000000014,0.0,0.10427520000000007,0.0,0.43920256000000024,0.0,0.38386560000000025,0.0,0.06894720000000004,0.0,0.0012096000000000008,5.083886080000001],"Centennial Puzzle":[36],"Dream Catcher":2,"Pantograph":75,"MealTicket":60,"Art of War":[6],"obtain_stats":[{"Gremlin Horn":9,"Singing Bowl":12,"Astrolabe":34,"Pen Nib":43,"Letter Opener":42,"White Beast Statue":25,"Centennial Puzzle":21,"Dream Catcher":30,"Pantograph":23,"Molten Egg 2":6,"MealTicket":14,"Red Mask":44,"Art of War":47,"Ring of the Snake":0,"Runic Pyramid":17},{"Gremlin Horn":5,"Singing Bowl":7,"Astrolabe":15,"Pen Nib":20,"Letter Opener":20,"White Beast Statue":12,"Centennial Puzzle":11,"Dream Catcher":14,"Pantograph":12,"Molten Egg 2":5,"MealTicket":8,"Red Mask":20,"Art of War":22,"Ring of the Snake":0,"Runic Pyramid":9},{"Gremlin Horn":27,"Singing Bowl":37,"Astrolabe":81,"Pen Nib":105,"Letter Opener":105,"White Beast Statue":64,"Centennial Puzzle":60,"Dream Catcher":71,"Pantograph":64,"Molten Egg 2":27,"MealTicket":44,"Red Mask":105,"Art of War":122,"Ring of the Snake":0,"Runic Pyramid":51}],"Ring of the Snake":[50]},"card_choices":[{"not_picked":["Violence","Thinking Ahead"],"picked":"Panache","floor":0.0},{"not_picked":["Expertise","Bane"],"picked":"Escape Plan","floor":1.0},{"not_picked":["Choke","Distraction"],"picked":"Heel Hook","floor":2.0},{"not_picked":["Bane","Masterful Stab"],"picked":"Infinite Blades","floor":4.0},{"not_picked":["Distraction","Poisoned Stab"],"picked":"Tactician","floor":5.0},{"not_picked":["Poisoned Stab+1","Well Laid Plans"],"picked":"Backflip","floor":6.0},{"not_picked":["Cloak And Dagger","Poisoned Stab+1"],"picked":"Corpse Explosion","floor":11.0},{"not_picked":["Underhanded Strike+1","Blur"],"picked":"Blade Dance","floor":12.0},{"not_picked":["Tactician","Bouncing Flask"],"picked":"Bane+1","floor":14.0},{"not_picked":["Phantasmal Killer","A Thousand Cuts","Corpse Explosion"],"picked":"Singing Bowl","floor":16.0},{"not_picked":["Flechettes+1","Sucker Punch+1"],"picked":"Prepared+1","floor":18.0},{"not_picked":["Dagger Throw+1","Deflect","Flying Knee+1"],"picked":"Singing Bowl","floor":19.0},{"not_picked":["Finisher+1","Dagger Spray+1","Blur"],"picked":"Singing Bowl","floor":23.0},{"not_picked":["Backflip+1","Crippling Poison"],"picked":"Calculated Gamble","floor":29.0},{"not_picked":["Dodge and Roll","Blur"],"picked":"Malaise","floor":30.0},{"not_picked":["Tools of the Trade","Burst"],"picked":"After Image","floor":33.0},{"not_picked":["Bane+1","Leg Sweep+1"],"picked":"PiercingWail","floor":35.0},{"not_picked":["Quick Slash+1","Outmaneuver","Sucker Punch+1"],"picked":"Singing Bowl","floor":37.0},{"not_picked":["Crippling Poison","Distraction","Cloak And Dagger"],"picked":"Singing Bowl","floor":38.0},{"not_picked":["Poisoned Stab+1","Flying Knee+1","Skewer+1"],"picked":"Singing Bowl","floor":39.0},{"not_picked":["Dagger Throw+1","Outmaneuver+1"],"picked":"Concentrate+1","floor":40.0},{"not_picked":["Blade Dance","Backstab+1"],"picked":"Doppelganger","floor":42.0},{"not_picked":["Dagger Throw+1","Dodge and Roll","Underhanded Strike+1"],"picked":"Singing Bowl","floor":45.0},{"not_picked":["Riddle With Holes+1","Underhanded Strike+1","Blade Dance"],"picked":"Singing Bowl","floor":46},{"not_picked":["Crippling Poison","Distraction+1"],"picked":"Caltrops","floor":47},{"not_picked":["Flying Knee+1","Dodge and Roll","Underhanded Strike+1"],"picked":"Singing Bowl","floor":48}],"player_experience":994531,"relics_obtained":[{"floor":6.0,"key":"Molten Egg 2"},{"floor":9.0,"key":"Gremlin Horn"},{"floor":12.0,"key":"Singing Bowl"},{"floor":14.0,"key":"MealTicket"},{"floor":21.0,"key":"Centennial Puzzle"},{"floor":23.0,"key":"Pantograph"},{"floor":30.0,"key":"Dream Catcher"},{"floor":42.0,"key":"Letter Opener"},{"floor":43.0,"key":"Pen Nib"},{"floor":47,"key":"Art of War"}],"event_choices":[{"damage_healed":0.0,"max_hp_gain":5.0,"max_hp_loss":0.0,"gold_gain":0.0,"event_name":"Big Fish","player_choice":"Donut","floor":3.0,"gold_loss":0.0,"damage_taken":0.0},{"damage_healed":0.0,"max_hp_gain":0.0,"max_hp_loss":0.0,"gold_gain":0.0,"event_name":"Lab","player_choice":"Got Potions","floor":7.0,"gold_loss":0.0,"damage_taken":0.0},{"damage_healed":0.0,"max_hp_gain":0.0,"max_hp_loss":0.0,"gold_gain":50.0,"event_name":"Nest","player_choice":"Stole From Cult","floor":20.0,"gold_loss":0.0,"damage_taken":0.0},{"damage_healed":0.0,"max_hp_gain":0.0,"max_hp_loss":0.0,"gold_gain":0.0,"event_name":"Duplicator","player_choice":"Copied","floor":22.0,"gold_loss":0.0,"damage_taken":0.0,"cards_obtained":["Panache"]},{"damage_healed":0.0,"max_hp_gain":0.0,"max_hp_loss":0.0,"gold_gain":0.0,"event_name":"Winding Halls","player_choice":"Embrace Madness","floor":41.0,"gold_loss":0.0,"damage_taken":15.0,"cards_obtained":["Madness","Madness"]},{"damage_healed":0.0,"max_hp_gain":0.0,"max_hp_loss":0.0,"gold_gain":0.0,"event_name":"Tomb of Lord Red Mask","player_choice":"Paid","floor":44.0,"gold_loss":203.0,"damage_taken":0.0,"relics_obtained":["Red Mask"]}],"is_beta":false,"boss_relics":[{"not_picked":["Philosopher\u0027s Stone","Fusion Hammer"],"picked":"Runic Pyramid"},{"not_picked":["Black Star","Empty Cage"],"picked":"Astrolabe"}],"items_purged_floors":[25],"is_endless":false,"potions_floor_spawned":[1,2,6,11,14,16,19,29,30,33,35,37,38,39,42,46,47,48],"killed_by":"Time Eater","ascension_level":20,"potion_discard_per_floor":[[],[],[],[],[],[],[],[],[],[],["Energy Potion"],[],[],[],[],[],[],[],[],[],[],[],[],[],[],[],[],[],[],[],[],[],[],[],[],[],[],["Strength Potion"],[],[],[],["FearPotion"],[],[],[],["SteroidPotion"],[],["Strength Potion"],[],[],[]]}