{"neow_bonuses_skipped_log":["TEN_PERCENT_HP_BONUS"],"potions_obtained_entropic_brew":[[],[],[],[],[],[],[],[],[],[],[],[],[],[],[],[]],"neow_costs_skipped_log":["NONE"],"gold_per_floor":[115,85,101,64,64,93,93,111,161,179,179,210,210,250,262,274],"floor_reached":16,"playtime":581,"items_purged":[],"score":286,"play_id":"b60233e8-b9c3-414c-bc5b-ca56f7a292b2","local_time":"20250330094727","score_breakdown":["到達した階層 (16): 80","敵モンスター撃破数 (4): 8","エリート撃破：序章 (3): 30","ボス撃破 (0): 0","チャンピオン (1): 25","アセンション (20): 143"],"is_ascension_mode":true,"potions_obtained_alchemize":[[],[],[],[],[],[],[],[],[],[],[],[],[],[],[],[]],"campfire_choices":[{"data":"Eviscerate","floor":7,"key":"SMITH"},{"data":"Glass Knife","floor":11,"key":"SMITH"},{"data":"Wraith Form v2","floor":15,"key":"SMITH"}],"lesson_learned_per_floor":[[],[],[],[],[],[],[],[],[],[],[],[],[],[],[],[]],"neow_cost":"NONE","improvable_cards":{},"seed_source_timestamp":437488199392000,"shop_contents":[{"floor":4,"relics":["Darkstone Periapt","Bag of Marbles","Frozen Eye"],"cards":["Predator","Concentrate","Cloak And Dagger","Well Laid Plans","Bandage Up","Secret Technique"],"potions":["LiquidMemories","Block Potion","LiquidBronze"]}],"circlet_count":0,"master_deck":["AscendersBane","Strike_G","Strike_G","Strike_G","Strike_G","Strike_G","Defend_G+1","Defend_G","Defend_G","Defend_G","Defend_G","Survivor","Neutralize","Poisoned Stab","Glass Knife+1","Eviscerate+1","Prepared+1","Prepared","Flying Knee","Wraith Form v2+1"],"potion_use_per_floor":[[],[],[],[],[],[],[],[],[],[],[],["LiquidMemories"],[],[],[],["Block Potion"]],"relics":["Ring of the Snake","NeowsBlessing","War Paint","Lantern","Centennial Puzzle","Golden Idol","MawBank"],"potions_floor_usage":[12,16],"damage_taken":[{"damage":0,"enemies":"Small Slimes","floor":1,"turns":1},{"damage":0,"enemies":"Cultist","floor":3,"turns":1},{"damage":0,"enemies":"3 Sentries","floor":6,"turns":2},{"damage":0,"enemies":"2 Louse","floor":8,"turns":1},{"damage":9,"enemies":"Blue Slaver","floor":10,"turns":3},{"damage":2,"enemies":"Lagavulin","floor":12,"turns":5},{"damage":5,"enemies":"3 Sentries","floor":14,"turns":7},{"damage":46,"enemies":"Slime Boss","floor":16,"turns":10}],"seed_played":"-2448327832008671523","neow_bonus_log":{"cardsObtained":[],"cardsUpgraded":[],"cardsRemoved":[],"cardsTransformed":[],"relicsObtained":["NeowsBlessing"],"maxHpGained":0,"goldGained":0,"damageTaken":0,"goldLost":0,"maxHpLost":0},"potions_obtained":[{"floor":2,"key":"SpeedPotion"},{"floor":2,"key":"LiquidMemories"},{"floor":8,"key":"Block Potion"},{"floor":14,"key":"Energy Potion"}],"is_trial":false,"path_per_floor":["M","?","M","$","?","E","R","M","T","M","R","E","?","E","R","B"],"character_chosen":"THE_SILENT","basemod:card_modifiers":[null,null,null,null,null,null,null,null,null,null,null,null,null,null,null,null,null,null,null,null],"items_purchased":["Eviscerate"],"campfire_rested":0,"item_purchase_floors":[4],"current_hp_per_floor":[59,59,59,59,59,59,59,59,59,50,50,48,48,43,43,0],"gold":274,"neow_bonus":"THREE_ENEMY_KILL","is_prod":false,"is_daily":false,"rewards_skipped":[{"floor":6,"relics":[],"potions":["BlessingOfTheForge"]},{"floor":10,"relics":[],"potions":["SkillPotion"]}],"chose_seed":false,"campfire_upgraded":3,"win_rate":0,"floor_exit_playtime":[36,44,55,68,73,121,128,166,170,218,229,323,328,432,448],"timestamp":1743295647,"path_taken":["M","?","?","?","?","E","R","M","T","M","R","E","?","E","R","BOSS"],"build_version":"2022-12-18","purchased_purges":0,"victory":false,"max_hp_per_floor":[66,66,66,66,66,66,66,66,66,66,66,66,60,60,60,60],"relic_stats":{"Centennial Puzzle":[6],"counters":[8,30],"Golden Idol":8,"War Paint":["Defend_G","Prepared"],"MawBank":24,"obtain_stats":[{"Lantern":9,"Centennial Puzzle":12,"NeowsBlessing":0,"Golden Idol":13,"War Paint":6,"MawBank":14,"Ring of the Snake":0},{"Lantern":4,"Centennial Puzzle":6,"NeowsBlessing":0,"Golden Idol":6,"War Paint":3,"MawBank":7,"Ring of the Snake":0},{"Lantern":5,"Centennial Puzzle":13,"NeowsBlessing":0,"Golden Idol":13,"War Paint":4,"MawBank":20,"Ring of the Snake":0}],"Ring of the Snake":[16]},"card_choices":[{"not_picked":["Prepared","Sucker Punch"],"picked":"Poisoned Stab","floor":1},{"not_picked":["Backflip","Sucker Punch"],"picked":"Glass Knife","floor":3},{"not_picked":["Bane","Eviscerate"],"picked":"Prepared","floor":6},{"not_picked":["Quick Slash","Eviscerate","Deflect"],"picked":"SKIP","floor":8},{"not_picked":["Infinite Blades","Expertise"],"picked":"Prepared","floor":10},{"not_picked":["Choke","Dodge and Roll"],"picked":"Flying Knee","floor":12},{"not_picked":["Quick Slash","Sucker Punch"],"picked":"Wraith Form v2","floor":14}],"player_experience":998335,"relics_obtained":[{"floor":6,"key":"War Paint"},{"floor":9,"key":"Lantern"},{"floor":12,"key":"Centennial Puzzle"},{"floor":14,"key":"MawBank"}],"event_choices":[{"damage_healed":0,"gold_gain":0,"player_choice":"Bought 2 Potions","damage_taken":0,"max_hp_gain":0,"max_hp_loss":0,"event_name":"The Woman in Blue","floor":2,"gold_loss":0},{"damage_healed":0,"gold_gain":0,"player_choice":"Leave","damage_taken":0,"max_hp_gain":0,"max_hp_loss":0,"event_name":"The Cleric","floor":5,"gold_loss":0},{"damage_healed":0,"gold_gain":0,"player_choice":"Lose Max HP","damage_taken":0,"relics_obtained":["Golden Idol"],"max_hp_gain":0,"max_hp_loss":6,"event_name":"Golden Idol","floor":13,"gold_loss":0}],"is_beta":false,"boss_relics":[],"items_purged_floors":[],"is_endless":false,"potions_floor_spawned":[6,8,10,14],"killed_by":"Slime Boss","ascension_level":20,"potion_discard_per_floor":[[],[],[],[],[],[],[],["SpeedPotion"],[],[],[],[],[],[],[],[]]}