{"neow_bonuses_skipped_log":["TEN_PERCENT_HP_BONUS"],"potions_obtained_entropic_brew":[[],[],[],[],[],[],[],[],[],[],[],[],[],[],[],[],[],[],[],[],[]],"neow_costs_skipped_log":["NONE"],"gold_per_floor":[115,190,63,63,63,104,104,139,186,186,201,126,145,486,486,584,584,608,623,76,76],"floor_reached":21,"playtime":779,"items_purged":["Strike_G"],"score":490,"play_id":"6c644cbd-b2f1-4313-b918-1ae34a2e6629","local_time":"20250406164941","score_breakdown":["到達した階層 (21): 105","敵モンスター撃破数 (5): 10","エリート撃破：序章 (3): 30","エリート撃破：シティ (0): 0","ボス撃破 (1): 50","チャンピオン (2): 50","アセンション (20): 245"],"is_ascension_mode":true,"potions_obtained_alchemize":[[],[],[],[],[],[],[],[],[],[],[],[],[],[],[],[],[],[],[],[],[]],"campfire_choices":[{"data":"Phantasmal Killer","floor":7,"key":"SMITH"},{"data":"Acrobatics","floor":10,"key":"SMITH"},{"data":"Footwork","floor":15,"key":"SMITH"}],"lesson_learned_per_floor":[[],[],[],[],[],[],[],[],[],[],[],[],[],[],[],[],[],[],[],[],[]],"neow_cost":"NONE","improvable_cards":{},"seed_source_timestamp":586868601562250,"shop_contents":[{"floor":3,"relics":["Pear","Whetstone","Lee\u0027s Waffle"],"cards":["Flechettes","Catalyst","Well Laid Plans","Flash of Steel","Panache"],"potions":["SteroidPotion","Ancient Potion","Block Potion"]},{"floor":12,"relics":["Bottled Tornado","Bag of Marbles","Medical Kit"],"cards":["Poisoned Stab","Riddle With Holes","Concentrate","Prepared","Accuracy","Flash of Steel","Sadistic Nature"],"potions":["SpeedPotion","DuplicationPotion","SneckoOil"]},{"floor":20,"relics":["Sling"],"cards":["Backstab","Underhanded Strike","PiercingWail","Escape Plan","PanicButton","Chrysalis"],"potions":["SneckoOil","GhostInAJar","Regen Potion"]}],"circlet_count":0,"master_deck":["AscendersBane","Strike_G","Strike_G","Strike_G","Strike_G","Defend_G","Defend_G","Defend_G","Defend_G","Defend_G","Survivor","Neutralize","Infinite Blades","Endless Agony","Acrobatics+1","Quick Slash","Phantasmal Killer+1","Eviscerate","PiercingWail","Dagger Throw","Footwork+1","Backflip","Tools of the Trade","Backflip","Distraction+1","Infinite Blades"],"potion_use_per_floor":[[],[],[],[],[],[],[],[],[],[],[],[],[],[],[],["PowerPotion"],[],[],[],[],["ColorlessPotion"]],"relics":["Ring of the Snake","NeowsBlessing","Golden Idol","Dream Catcher","StoneCalendar","Old Coin","Cursed Key","MealTicket","Kunai"],"potions_floor_usage":[16,21],"damage_taken":[{"damage":0,"enemies":"Cultist","floor":1,"turns":1},{"damage":0,"enemies":"Gremlin Nob","floor":6,"turns":1},{"damage":0,"enemies":"Lagavulin","floor":8,"turns":1},{"damage":0,"enemies":"Jaw Worm","floor":11,"turns":4},{"damage":0,"enemies":"2 Louse","floor":13,"turns":3},{"damage":35,"enemies":"3 Sentries","floor":14,"turns":7},{"damage":9,"enemies":"Hexaghost","floor":16,"turns":8},{"damage":11,"enemies":"Shell Parasite","floor":18,"turns":5},{"damage":16,"enemies":"Spheric Guardian","floor":19,"turns":5},{"damage":22,"enemies":"Centurion and Healer","floor":21,"turns":2}],"green_key_taken_log":8,"seed_played":"4512062206230028618","neow_bonus_log":{"cardsObtained":[],"cardsUpgraded":[],"cardsRemoved":[],"cardsTransformed":[],"relicsObtained":["NeowsBlessing"],"maxHpGained":0,"goldGained":0,"damageTaken":0,"goldLost":0,"maxHpLost":0},"potions_obtained":[{"floor":1,"key":"CultistPotion"},{"floor":6,"key":"PowerPotion"},{"floor":16,"key":"ColorlessPotion"}],"is_trial":false,"path_per_floor":["M","?","$","?","?","E","R","E","T","R","M","$","M","E","R","B",null,"M","M","$","M"],"character_chosen":"THE_SILENT","basemod:card_modifiers":[null,null,null,null,null,null,null,null,null,null,null,null,null,null,null,null,null,null,null,null,null,null,null,null,null,null],"items_purchased":["Endless Agony","Acrobatics","MealTicket","Kunai","Infinite Blades"],"campfire_rested":0,"item_purchase_floors":[3,3,20,20,20],"current_hp_per_floor":[59,48,48,48,48,48,48,48,48,48,48,48,48,13,13,4,46,35,19,19,0],"gold":76,"neow_bonus":"THREE_ENEMY_KILL","is_prod":false,"is_daily":false,"rewards_skipped":[{"floor":11,"relics":[],"potions":["SpeedPotion"]},{"floor":19,"relics":[],"potions":["ColorlessPotion"]}],"chose_seed":false,"campfire_upgraded":3,"win_rate":0,"floor_exit_playtime":[21,24,39,42,57,66,77,93,102,111,156,228,274,400,408,525,563,641,726,743],"timestamp":1743925781,"blue_key_relic_skipped_log":{"floor":9,"relicID":"Tiny Chest"},"path_taken":["M","?","$","?","?","E","R","E","T","R","?","?","M","E","R","BOSS","M","M","$","M"],"build_version":"2022-12-18","purchased_purges":1,"victory":false,"max_hp_per_floor":[66,66,66,60,60,60,60,60,60,60,60,60,60,60,60,60,60,60,60,60,60],"relic_stats":{"Dream Catcher":0,"counters":[10,37],"Golden Idol":58,"StoneCalendar":[97],"MealTicket":0,"Kunai":[1],"Cursed Key":0,"obtain_stats":[{"Dream Catcher":6,"NeowsBlessing":0,"Golden Idol":4,"StoneCalendar":8,"MealTicket":20,"Kunai":20,"Cursed Key":17,"Ring of the Snake":0,"Old Coin":14},{"Dream Catcher":2,"NeowsBlessing":0,"Golden Idol":1,"StoneCalendar":3,"MealTicket":9,"Kunai":9,"Cursed Key":7,"Ring of the Snake":0,"Old Coin":6},{"Dream Catcher":2,"NeowsBlessing":0,"Golden Idol":1,"StoneCalendar":3,"MealTicket":35,"Kunai":35,"Cursed Key":25,"Ring of the Snake":0,"Old Coin":17}],"Ring of the Snake":[20]},"card_choices":[{"not_picked":["Bane","Masterful Stab"],"picked":"Infinite Blades","floor":1},{"not_picked":["Dash","Underhanded Strike"],"picked":"Eviscerate","floor":6},{"not_picked":["Choke","Prepared"],"picked":"PiercingWail","floor":8},{"not_picked":["Masterful Stab","Backflip"],"picked":"Dagger Throw","floor":11},{"not_picked":["Backflip","Finisher"],"picked":"Footwork","floor":13},{"not_picked":["Bullet Time","Skewer"],"picked":"Backflip","floor":14},{"not_picked":["Unload","Storm of Steel"],"picked":"Tools of the Trade","floor":16},{"not_picked":["Deflect","Sucker Punch"],"picked":"Backflip","floor":18},{"not_picked":["Catalyst","Blade Dance"],"picked":"Distraction+1","floor":19}],"player_experience":1015297,"relics_obtained":[{"floor":6,"key":"Dream Catcher"},{"floor":8,"key":"StoneCalendar"},{"floor":14,"key":"Old Coin"}],"event_choices":[{"damage_healed":0,"gold_gain":75,"player_choice":"Gather Gold","damage_taken":11,"max_hp_gain":0,"max_hp_loss":0,"event_name":"World of Goop","floor":2,"gold_loss":0},{"damage_healed":0,"gold_gain":0,"player_choice":"Lose Max HP","damage_taken":0,"relics_obtained":["Golden Idol"],"max_hp_gain":0,"max_hp_loss":6,"event_name":"Golden Idol","floor":4,"gold_loss":0},{"damage_healed":0,"gold_gain":0,"player_choice":"2 cards matched","damage_taken":0,"max_hp_gain":0,"max_hp_loss":0,"event_name":"Match and Keep!","floor":5,"gold_loss":0,"cards_obtained":["Quick Slash","Phantasmal Killer"]}],"is_beta":false,"boss_relics":[{"not_picked":["Philosopher\u0027s Stone","SlaversCollar"],"picked":"Cursed Key"}],"items_purged_floors":[12],"is_endless":false,"potions_floor_spawned":[1,6,11,16,19],"killed_by":"Centurion and Healer","ascension_level":20,"potion_discard_per_floor":[[],[],[],[],[],[],[],[],[],[],[],[],[],[],[],[],[],[],[],[],[]]}