{"neow_bonuses_skipped_log":["TRANSFORM_CARD","ONE_RARE_RELIC","BOSS_RELIC"],"potions_obtained_entropic_brew":[[],[],[],[],[],[],[],[],[],[],[],[],[],[]],"neow_costs_skipped_log":["NONE","NO_GOLD","NONE"],"gold_per_floor":[116,116,116,136,136,166,176,176,176,211,223,223,236,236],"floor_reached":14,"playtime":549,"items_purged":[],"score":250,"play_id":"a6f585d5-5480-4e23-a037-1a18f6c3ff79","local_time":"20250330194654","score_breakdown":["到達した階層 (14): 70","敵モンスター撃破数 (5): 10","エリート撃破：序章 (2): 20","ボス撃破 (0): 0","チャンピオン (1): 25","アセンション (20): 125"],"is_ascension_mode":true,"potions_obtained_alchemize":[[],[],[],[],[],[],[],[],[],[],[],[],[],[]],"campfire_choices":[{"floor":8.0,"key":"REST"},{"floor":12.0,"key":"REST"}],"lesson_learned_per_floor":[[],[],[],[],[],[],[],[],[],[],[],[],[],[]],"neow_cost":"NONE","improvable_cards":{},"seed_source_timestamp":0,"shop_contents":[],"circlet_count":0,"master_deck":["AscendersBane","Strike_G","Strike_G","Strike_G","Strike_G","Strike_G","Defend_G","Defend_G","Defend_G+1","Defend_G","Defend_G","Survivor","Neutralize+1","Blade Dance+1","Acrobatics","Outmaneuver","Prepared","Acrobatics","Acrobatics"],"special_seed":0,"potion_use_per_floor":[[],[],[],[],[],[],[],[],[],["FearPotion"],[],[],[],["DuplicationPotion","DistilledChaos"]],"relics":["Ring of the Snake","NeowsBlessing","Pen Nib","InkBottle","Paper Crane","Art of War"],"potions_floor_usage":[14,14],"damage_taken":[{"damage":0.0,"enemies":"Jaw Worm","floor":1.0,"turns":1.0},{"damage":0.0,"enemies":"Small Slimes","floor":4.0,"turns":1.0},{"damage":0.0,"enemies":"Gremlin Nob","floor":6.0,"turns":1.0},{"damage":9.0,"enemies":"2 Louse","floor":7.0,"turns":2.0},{"damage":18.0,"enemies":"Lagavulin","floor":10.0,"turns":7.0},{"damage":15.0,"enemies":"Exordium Thugs","floor":11.0,"turns":6.0},{"damage":8,"enemies":"Large Slime","floor":13,"turns":5},{"damage":18,"enemies":"3 Sentries","floor":14,"turns":3}],"green_key_taken_log":6,"seed_played":"-8733866923148934528","neow_bonus_log":{"cardsObtained":[],"cardsUpgraded":[],"cardsRemoved":[],"cardsTransformed":[],"relicsObtained":["NeowsBlessing"],"maxHpGained":0,"goldGained":0,"damageTaken":0,"goldLost":0,"maxHpLost":0},"potions_obtained":[{"floor":4.0,"key":"FearPotion"},{"floor":7.0,"key":"DuplicationPotion"},{"floor":13,"key":"DistilledChaos"}],"is_trial":false,"path_per_floor":["M","?","?","M","?","E","M","R","T","E","M","R","M","E"],"character_chosen":"THE_SILENT","basemod:card_modifiers":[null,null,null,null,null,null,null,null,null,null,null,null,null,null,null,null,null,null,null],"items_purchased":[],"campfire_rested":2,"item_purchase_floors":[],"current_hp_per_floor":[59,59,48,48,28,28,19,38,38,20,5,24,16,0],"gold":236,"neow_bonus":"THREE_ENEMY_KILL","is_prod":false,"is_daily":false,"rewards_skipped":[],"chose_seed":false,"campfire_upgraded":0,"win_rate":0,"floor_exit_playtime":[31,39,44,57,61,87,131,135,142,264,356,361,458],"timestamp":1743331614,"path_taken":["M","?","?","M","?","E","M","R","T","E","M","R","?","E"],"build_version":"2022-12-18","purchased_purges":0,"victory":false,"max_hp_per_floor":[66,66,66,66,66,66,66,66,66,66,66,66,66,66],"relic_stats":{"counters":[8,26],"Pen Nib":[8],"Art of War":[0],"obtain_stats":[{"NeowsBlessing":0,"Pen Nib":3,"Art of War":10,"Paper Crane":9,"InkBottle":6,"Ring of the Snake":0},{"NeowsBlessing":0,"Pen Nib":1,"Art of War":5,"Paper Crane":4,"InkBottle":3,"Ring of the Snake":0},{"NeowsBlessing":0,"Pen Nib":1,"Art of War":12,"Paper Crane":5,"InkBottle":3,"Ring of the Snake":0}],"InkBottle":[12],"Ring of the Snake":[16]},"card_choices":[{"not_picked":["Dagger Throw","Acrobatics"],"picked":"Blade Dance","floor":1.0},{"not_picked":["Prepared","Dagger Spray"],"picked":"Acrobatics","floor":4.0},{"not_picked":["Poisoned Stab","Sucker Punch"],"picked":"Outmaneuver","floor":6.0},{"not_picked":["Dodge and Roll","Sucker Punch"],"picked":"Prepared","floor":7.0},{"not_picked":["Quick Slash","Escape Plan","Bullet Time"],"picked":"SKIP","floor":10.0},{"not_picked":["Concentrate","Poisoned Stab"],"picked":"Acrobatics","floor":11.0},{"not_picked":["Terror","Predator"],"picked":"Acrobatics","floor":13}],"player_experience":998916,"relics_obtained":[{"floor":6.0,"key":"InkBottle"},{"floor":9.0,"key":"Paper Crane"},{"floor":10.0,"key":"Art of War"}],"event_choices":[{"damage_healed":0.0,"max_hp_gain":0.0,"max_hp_loss":0.0,"gold_gain":0.0,"event_name":"Living Wall","player_choice":"Grow","floor":2.0,"gold_loss":0.0,"damage_taken":0.0,"cards_upgraded":["Blade Dance"]},{"damage_healed":0.0,"max_hp_gain":0.0,"max_hp_loss":0.0,"gold_gain":0.0,"event_name":"Scrap Ooze","player_choice":"Success","floor":3.0,"gold_loss":0.0,"damage_taken":11.0,"relics_obtained":["Pen Nib"]},{"damage_healed":0.0,"max_hp_gain":0.0,"max_hp_loss":0.0,"gold_gain":0.0,"event_name":"Shining Light","player_choice":"Entered Light","floor":5.0,"gold_loss":0.0,"damage_taken":20.0,"cards_upgraded":["Defend_G","Neutralize"]}],"is_beta":false,"boss_relics":[],"items_purged_floors":[],"is_endless":false,"potions_floor_spawned":[4,7,13],"killed_by":"3 Sentries","ascension_level":20,"potion_discard_per_floor":[[],[],[],[],[],[],[],[],[],[],[],[],[],[]]}