{"neow_bonuses_skipped_log":["RANDOM_COLORLESS","TWO_FIFTY_GOLD","BOSS_RELIC"],"neow_costs_skipped_log":["NONE","CURSE","NONE"],"potions_obtained_entropic_brew":[[],[],[],[],[],[],[],[],[],[],[],[],[],[],[],[],[],[],[],[],[],[],[],[],[],[],[],[],[],[],[],[],[],[],[],[],[],[],[],[]],"gold_per_floor":[118,118,118,118,118,150,162,162,162,182,211,230,246,257,257,333,333,284,234,252,272,272,272,47,80,157,191,60,71,82,93,93,164,164,175,175,175,190,190,190],"floor_reached":40,"playtime":2083,"items_purged":["Decay"],"score":926,"play_id":"239afcf2-3971-4df7-8ba4-eca831b63cb9","local_time":"20250406101148","score_breakdown":["到達した階層 (40): 200","敵モンスター撃破数 (14): 28","エリート撃破：序章 (2): 20","エリート撃破：シティ (2): 40","エリート撃破：彼方 (0): 0","ボス撃破 (2): 150","チャンピオン (1): 25","アセンション (20): 463"],"is_ascension_mode":true,"potions_obtained_alchemize":[[],[],[],[],[],[],[],[],[],[],[],[],[],[],[],[],[],[],[],[],[],[],[],[],[],[],[],[],[],[],[],[],[],[],[],[],[],[],[],[]],"campfire_choices":[{"data":"Acrobatics","floor":8,"key":"SMITH"},{"data":"Footwork","floor":15,"key":"SMITH"},{"data":"Envenom","floor":23,"key":"SMITH"},{"floor":32,"key":"REST"}],"lesson_learned_per_floor":[[],[],[],[],[],[],[],[],[],[],[],[],[],[],[],[],[],[],[],[],[],[],[],[],[],[],[],[],[],[],[],[],[],[],[],[],[],[],[],[]],"neow_cost":"NONE","improvable_cards":{},"seed_source_timestamp":561690001226291,"shop_contents":[{"floor":3,"relics":["Pear","CeramicFish","OrangePellets"],"cards":["Flying Knee","Slice","Backflip","Escape Plan","Caltrops","Mind Blast","Master of Strategy"],"potions":["SkillPotion","SmokeBomb","LiquidBronze"]},{"floor":24,"relics":["Art of War","TheAbacus"],"cards":["Flechettes","Backstab","Prepared","Noxious Fumes","Dark Shackles","Sadistic Nature"],"potions":["SkillPotion","Block Potion","LiquidMemories"]},{"floor":28,"relics":["Happy Flower","Potion Belt","Medical Kit"],"cards":["Dagger Spray","Riddle With Holes","Deflect","A Thousand Cuts","Blind","The Bomb"],"potions":["SpeedPotion","DuplicationPotion","GhostInAJar"]}],"circlet_count":0,"master_deck":["AscendersBane","Strike_G","Strike_G","Strike_G","Defend_G","Defend_G","Defend_G+1","Defend_G","Survivor+1","Neutralize","Acrobatics+1","Choke","Phantasmal Killer","Footwork+1","Prepared","Dagger Spray","Malaise","Reflex","Prepared","PiercingWail","Envenom+1","Dash","Blade Dance","Infinite Blades","Acrobatics","After Image","Underhanded Strike","Corpse Explosion","Skewer"],"potion_use_per_floor":[[],[],[],[],[],[],[],[],[],[],["Swift Potion"],[],[],["Energy Potion"],[],["Explosive Potion"],[],[],[],[],[],[],[],[],["AttackPotion","SneckoOil"],[],[],[],[],["SpeedPotion"],[],[],["GamblersBrew"],[],[],[],[],[],[],[]],"relics":["Ring of the Snake","NeowsBlessing","Mercury Hourglass","Orichalcum","Ice Cream","Strawberry","Cursed Key","MealTicket","Shuriken","Bottled Tornado","Tingsha","Runic Pyramid"],"potions_floor_usage":[11,14,16,25,25,30,33],"damage_taken":[{"damage":0,"enemies":"Jaw Worm","floor":1,"turns":1},{"damage":0,"enemies":"3 Sentries","floor":6,"turns":1},{"damage":0,"enemies":"Cultist","floor":7,"turns":1},{"damage":3,"enemies":"2 Louse","floor":10,"turns":3},{"damage":14,"enemies":"Lagavulin","floor":11,"turns":6},{"damage":1,"enemies":"Gremlin Gang","floor":12,"turns":4},{"damage":0,"enemies":"3 Louse","floor":13,"turns":4},{"damage":0,"enemies":"2 Fungi Beasts","floor":14,"turns":2},{"damage":14,"enemies":"Slime Boss","floor":16,"turns":8},{"damage":0,"enemies":"2 Thieves","floor":18,"turns":5},{"damage":3,"enemies":"Shell Parasite","floor":20,"turns":8},{"damage":0,"enemies":"Snake Plant","floor":21,"turns":6},{"damage":24,"enemies":"Slavers","floor":25,"turns":4},{"damage":16,"enemies":"Book of Stabbing","floor":27,"turns":5},{"damage":7,"enemies":"3 Cultists","floor":29,"turns":4},{"damage":19,"enemies":"Shelled Parasite and Fungi","floor":30,"turns":6},{"damage":0,"enemies":"Snake Plant","floor":31,"turns":4},{"damage":22,"enemies":"Collector","floor":33,"turns":7},{"damage":8,"enemies":"3 Darklings","floor":35,"turns":3},{"damage":14,"enemies":"3 Shapes","floor":38,"turns":6},{"damage":36,"enemies":"Reptomancer","floor":40,"turns":6}],"seed_played":"6486695291344767980","neow_bonus_log":{"cardsObtained":[],"cardsUpgraded":[],"cardsRemoved":[],"cardsTransformed":[],"relicsObtained":["NeowsBlessing"],"maxHpGained":0,"goldGained":0,"damageTaken":0,"goldLost":0,"maxHpLost":0},"potions_obtained":[{"floor":10,"key":"Swift Potion"},{"floor":13,"key":"Energy Potion"},{"floor":14,"key":"Explosive Potion"},{"floor":16,"key":"SneckoOil"},{"floor":21,"key":"AttackPotion"},{"floor":25,"key":"SpeedPotion"},{"floor":30,"key":"Swift Potion"},{"floor":31,"key":"GamblersBrew"}],"is_trial":false,"path_per_floor":["M","?","$","?","?","E","M","R","T","M","E","M","M","M","R","B",null,"M","?","M","M","?","R","$","E","T","E","$","M","M","M","R","B",null,"M","?","?","M","?","E"],"character_chosen":"THE_SILENT","basemod:card_modifiers":[null,null,null,null,null,null,null,null,null,null,null,null,null,null,null,null,null,null,null,null,null,null,null,null,null,null,null,null,null],"items_purchased":["MealTicket","Blade Dance","Acrobatics"],"campfire_rested":1,"item_purchase_floors":[24,24,28],"current_hp_per_floor":[59,59,59,52,32,32,32,32,32,29,22,21,21,21,21,7,57,57,57,54,54,54,54,54,30,30,14,29,22,3,3,24,2,55,47,47,47,33,33,0],"gold":190,"neow_bonus":"THREE_ENEMY_KILL","is_prod":false,"is_daily":false,"rewards_skipped":[],"chose_seed":false,"campfire_upgraded":3,"win_rate":0,"floor_exit_playtime":[20,31,39,44,53,71,79,85,92,130,196,250,293,337,344,510,528,599,605,704,785,804,826,845,959,978,1082,1105,1229,1324,1437,1441,1690,1726,1833,1838,1844,1913,1926],"timestamp":1743901908,"path_taken":["M","?","$","?","?","E","M","R","T","M","E","M","M","M","R","BOSS","M","?","M","?","?","R","$","E","T","E","$","M","M","M","R","BOSS","M","?","?","?","?","E"],"build_version":"2022-12-18","purchased_purges":1,"victory":false,"max_hp_per_floor":[66,66,66,66,66,66,66,66,66,66,73,73,73,73,73,73,73,73,73,73,73,73,73,73,73,73,73,73,73,73,73,73,73,73,73,73,73,73,73,73],"relic_stats":{"Ice Cream":[71],"counters":[21,93],"Shuriken":[25],"MealTicket":15,"Tingsha":[103],"Orichalcum":[216],"Bottled Tornado":"Footwork","Cursed Key":1,"obtain_stats":[{"Ice Cream":9,"NeowsBlessing":0,"Shuriken":25,"Strawberry":11,"MealTicket":24,"Tingsha":27,"Orichalcum":6,"Bottled Tornado":26,"Cursed Key":17,"Ring of the Snake":0,"Mercury Hourglass":2,"Runic Pyramid":34},{"Ice Cream":3,"NeowsBlessing":0,"Shuriken":13,"Strawberry":5,"MealTicket":12,"Tingsha":14,"Orichalcum":2,"Bottled Tornado":13,"Cursed Key":9,"Ring of the Snake":0,"Mercury Hourglass":1,"Runic Pyramid":18},{"Ice Cream":3,"NeowsBlessing":0,"Shuriken":53,"Strawberry":12,"MealTicket":49,"Tingsha":58,"Orichalcum":2,"Bottled Tornado":53,"Cursed Key":30,"Ring of the Snake":0,"Mercury Hourglass":1,"Runic Pyramid":79}],"Ring of the Snake":[42],"Mercury Hourglass":[386]},"card_choices":[{"not_picked":["Sucker Punch","Tactician"],"picked":"Poisoned Stab","floor":1},{"not_picked":["Choke","Escape Plan","Caltrops"],"picked":"SKIP","floor":6},{"not_picked":["Expertise","Prepared"],"picked":"Acrobatics","floor":7},{"not_picked":["Setup","Deadly Poison"],"picked":"Choke","floor":10},{"not_picked":["Deflect","Terror"],"picked":"Phantasmal Killer","floor":11},{"not_picked":["Prepared","Poisoned Stab"],"picked":"Footwork","floor":12},{"not_picked":["Poisoned Stab","Bane"],"picked":"Prepared","floor":13},{"not_picked":["Dash","Poisoned Stab"],"picked":"Dagger Spray","floor":14},{"not_picked":["Phantasmal Killer","Doppelganger"],"picked":"Malaise","floor":16},{"not_picked":["Escape Plan","Outmaneuver"],"picked":"Reflex","floor":18},{"not_picked":["Expertise","Escape Plan"],"picked":"Prepared","floor":20},{"not_picked":["Dagger Spray","Outmaneuver"],"picked":"PiercingWail","floor":21},{"not_picked":["Expertise","Heel Hook"],"picked":"Infinite Blades","floor":25},{"not_picked":["Cloak And Dagger","Prepared","Poisoned Stab"],"picked":"SKIP","floor":27},{"not_picked":["Footwork+1","Blade Dance"],"picked":"After Image","floor":29},{"not_picked":["Poisoned Stab","Deadly Poison+1"],"picked":"Underhanded Strike","floor":30},{"not_picked":["Eviscerate","Prepared"],"picked":"Well Laid Plans+1","floor":31},{"not_picked":["Envenom","Phantasmal Killer"],"picked":"Corpse Explosion","floor":33},{"not_picked":["Finisher","Underhanded Strike"],"picked":"Skewer","floor":35},{"not_picked":["Setup","Cloak And Dagger","Predator"],"picked":"SKIP","floor":38}],"player_experience":1012759,"relics_obtained":[{"floor":6,"key":"Orichalcum"},{"floor":9,"key":"Ice Cream"},{"floor":11,"key":"Strawberry"},{"floor":25,"key":"Shuriken"},{"floor":26,"key":"Bottled Tornado"},{"floor":27,"key":"Tingsha"}],"event_choices":[{"cards_removed":["Poisoned Stab"],"damage_healed":0,"gold_gain":0,"player_choice":"Gave Card","damage_taken":0,"relics_obtained":["Mercury Hourglass"],"max_hp_gain":0,"max_hp_loss":0,"event_name":"WeMeetAgain","floor":2,"gold_loss":0},{"cards_removed":["Defend_G"],"damage_healed":0,"gold_gain":0,"player_choice":"Card Removal","damage_taken":7,"max_hp_gain":0,"max_hp_loss":0,"event_name":"Golden Wing","floor":4,"gold_loss":0},{"damage_healed":0,"gold_gain":0,"player_choice":"Entered Light","damage_taken":20,"max_hp_gain":0,"max_hp_loss":0,"event_name":"Shining Light","floor":5,"gold_loss":0,"cards_upgraded":["Defend_G","Survivor"]},{"damage_healed":0,"gold_gain":0,"player_choice":"Bet on Owner","damage_taken":0,"max_hp_gain":0,"max_hp_loss":0,"event_name":"The Joust","floor":19,"gold_loss":50},{"damage_healed":0,"gold_gain":0,"cards_transformed":["Strike_G","Strike_G"],"player_choice":"Became Test Subject","damage_taken":0,"max_hp_gain":0,"max_hp_loss":0,"event_name":"Drug Dealer","floor":22,"gold_loss":0,"cards_obtained":["Envenom","Dash"]},{"damage_healed":0,"gold_gain":0,"player_choice":"Ignored","damage_taken":0,"max_hp_gain":0,"max_hp_loss":0,"event_name":"Tomb of Lord Red Mask","floor":36,"gold_loss":0},{"cards_removed":["Well Laid Plans"],"damage_healed":0,"gold_gain":0,"player_choice":"Purged","damage_taken":0,"max_hp_gain":0,"max_hp_loss":0,"event_name":"Purifier","floor":37,"gold_loss":0},{"damage_healed":0,"gold_gain":0,"player_choice":"Ignored","damage_taken":0,"max_hp_gain":0,"max_hp_loss":0,"event_name":"Mysterious Sphere","floor":39,"gold_loss":0}],"is_beta":false,"boss_relics":[{"not_picked":["Runic Dome","SlaversCollar"],"picked":"Cursed Key"},{"not_picked":["Empty Cage","SacredBark"],"picked":"Runic Pyramid"}],"items_purged_floors":[28],"is_endless":false,"potions_floor_spawned":[10,13,14,16,21,25,30,31],"killed_by":"Reptomancer","ascension_level":20,"potion_discard_per_floor":[[],[],[],[],[],[],[],[],[],[],[],[],[],[],[],[],[],[],[],[],[],[],[],[],[],[],[],[],[],[],[],[],[],[],[],[],[],[],[],[]]}