{"neow_bonuses_skipped_log":["TEN_PERCENT_HP_BONUS"],"neow_costs_skipped_log":["NONE"],"potions_obtained_entropic_brew":[[],[],[],[],[],[],[],[],[],[],[],[],[],[],[],[],[],[],[],[],[],[],[],[],[],[],[],[],[],[],[],[],[],[],[],[],[],[],[],[],[],[],[],[],[],[],[],[],[],[],[],[],[],[],[],[],[]],"gold_per_floor":[115,115,115,115,115,150,173,205,278,278,295,325,340,340,340,435,435,454,475,494,494,240,279,8,8,76,97,137,37,37,55,55,151,151,167,198,214,235,254,293,293,309,309,353,368,90,104,122,122,122,122,122,122,16,52,52],"floor_reached":57,"playtime":4273,"items_purged":["Strike_G","Strike_G"],"score":3369,"play_id":"d4cc7723-edc5-4c75-a39a-fc36fb9d3801","local_time":"20250413145704","score_breakdown":["到達した階層 (57): 285","敵モンスター撃破数 (16): 32","エリート撃破：序章 (3): 30","エリート撃破：シティ (2): 40","エリート撃破：彼方 (2): 60","ボス撃破 (5): 750","収集家 (1): 25","チャンピオン (5): 125","超越: 200","コ・コ・コ・コンボォー！: 25","アセンション (20): 1547","ハートブレイカー: 250"],"is_ascension_mode":true,"potions_obtained_alchemize":[[],[],[],[],[],[],[],[],[],[],[],[],[],[],[],[],[],[],[],[],[],[],[],[],[],[],[],[],[],[],[],[],[],[],["CunningPotion"],["BlessingOfTheForge"],["Energy Potion"],["Energy Potion"],["SpeedPotion"],["ColorlessPotion"],[],["Energy Potion"],[],["SkillPotion"],["FearPotion"],[],["Fire Potion"],["SpeedPotion"],[],["Strength Potion","SkillPotion","Explosive Potion","ColorlessPotion"],["Strength Potion"],[],[],[],["ColorlessPotion"],["Dexterity Potion"],[]],"campfire_choices":[{"data":"Footwork","floor":10,"key":"SMITH"},{"data":"Acrobatics","floor":15,"key":"SMITH"},{"data":"Calculated Gamble","floor":25,"key":"SMITH"},{"data":"Tactician","floor":30,"key":"SMITH"},{"data":"Acrobatics","floor":32,"key":"SMITH"},{"floor":41,"key":"RECALL"},{"data":"Tactician","floor":49,"key":"SMITH"},{"data":"Acrobatics","floor":53,"key":"SMITH"}],"lesson_learned_per_floor":[[],[],[],[],[],[],[],[],[],[],[],[],[],[],[],[],[],[],[],[],[],[],[],[],[],[],[],[],[],[],[],[],[],[],[],[],[],[],[],[],[],[],[],[],[],[],[],[],[],[],[],[],[],[],[],[],[]],"neow_cost":"NONE","improvable_cards":{},"seed_source_timestamp":121367714571958,"shop_contents":[{"floor":2,"relics":["Torii","Omamori","Membership Card"],"cards":["Die Die Die","Dagger Spray","Storm of Steel","Escape Plan","Infinite Blades","Swift Strike","Thinking Ahead"],"potions":["LiquidMemories","SteroidPotion","SneckoOil"]},{"floor":22,"relics":["Bottled Flame","Strawberry","Toolbox"],"cards":["Die Die Die","Dagger Throw","Cloak And Dagger","Deadly Poison","Well Laid Plans+1","Flash of Steel"],"potions":["AttackPotion","PowerPotion","DistilledChaos"]},{"floor":24,"relics":["Molten Egg 2","OrangePellets"],"cards":["Heel Hook","Dagger Throw","Backflip","Prepared","Caltrops+1","Good Instincts","Transmutation"],"potions":["EntropicBrew","Energy Potion","DuplicationPotion"]},{"floor":29,"relics":["Pocketwatch","MealTicket","Medical Kit"],"cards":["Quick Slash","Eviscerate","PiercingWail","Outmaneuver","Infinite Blades+1","Dark Shackles","Violence"],"potions":["FairyPotion","AttackPotion","Fire Potion"]},{"floor":46,"relics":["Pear","Sling"],"cards":["Flying Knee","Die Die Die","PiercingWail","Dodge and Roll","Caltrops+1","Dark Shackles","Chrysalis"],"potions":["GamblersBrew","Dexterity Potion","Poison Potion"]},{"floor":54,"relics":["Centennial Puzzle","Snake Skull","Cauldron"],"cards":["Endless Agony","Sucker Punch","Acrobatics","Escape Plan","Accuracy+1","Jack Of All Trades","Master of Strategy"],"potions":["GamblersBrew","AttackPotion"]}],"circlet_count":0,"master_deck":["AscendersBane","Strike_G","Strike_G","Defend_G","Defend_G","Defend_G","Defend_G","Defend_G","Survivor","Neutralize","Underhanded Strike","Cloak And Dagger","Footwork+1","Acrobatics+1","After Image+1","Calculated Gamble+1","Acrobatics+1","Acrobatics+1","Panache+1","Backflip","Tactician+1","Crippling Poison","Venomology","Footwork+1","Backflip","Well Laid Plans+1","Acrobatics+1","Tactician+1","Well Laid Plans+1"],"potion_use_per_floor":[[],[],[],[],[],[],[],[],[],[],[],[],[],[],[],[],[],[],[],[],[],[],["DistilledChaos","Swift Potion"],[],[],[],[],[],[],[],[],[],[],[],[],["CunningPotion"],["BlessingOfTheForge"],["BlessingOfTheForge"],["Energy Potion"],["Energy Potion"],[],["SkillPotion"],[],["ColorlessPotion"],["SpeedPotion"],[],["FearPotion"],["Fire Potion"],[],["SkillPotion","Strength Potion","SkillPotion","Explosive Potion"],["ColorlessPotion"],[],[],[],["SpeedPotion"],["CultistPotion","Dexterity Potion","ColorlessPotion","Dexterity Potion"],[]],"relics":["Ring of the Snake","NeowsBlessing","Shuriken","Unceasing Top","Bronze Scales","Nunchaku","Frozen Egg 2","FossilizedHelix","Golden Idol","Coffee Dripper","Anchor","Eternal Feather","Bottled Lightning","Potion Belt","Philosopher\u0027s Stone","Calipers","Incense Burner","Regal Pillow","Mummified Hand","Orichalcum"],"potions_floor_usage":[23,23,36,37,38,39,40,42,44,45,47,48,50,50,50,50,51,55,56,56,56,56],"damage_taken":[{"damage":0,"enemies":"Cultist","floor":1,"turns":1},{"damage":0,"enemies":"Gremlin Nob","floor":6,"turns":1},{"damage":0,"enemies":"3 Sentries","floor":8,"turns":2},{"damage":0,"enemies":"Small Slimes","floor":11,"turns":4},{"damage":14,"enemies":"Lagavulin","floor":12,"turns":12},{"damage":0,"enemies":"Jaw Worm","floor":13,"turns":5},{"damage":12,"enemies":"The Guardian","floor":16,"turns":13},{"damage":0,"enemies":"3 Byrds","floor":18,"turns":3},{"damage":0,"enemies":"Spheric Guardian","floor":19,"turns":5},{"damage":15,"enemies":"Cultist and Chosen","floor":20,"turns":10},{"damage":4,"enemies":"Slavers","floor":23,"turns":6},{"damage":0,"enemies":"Centurion and Healer","floor":27,"turns":6},{"damage":9,"enemies":"Gremlin Leader","floor":28,"turns":6},{"damage":0,"enemies":"Snake Plant","floor":31,"turns":4},{"damage":0,"enemies":"Champ","floor":33,"turns":9},{"damage":0,"enemies":"3 Shapes","floor":35,"turns":3},{"damage":0,"enemies":"Mind Bloom Boss Battle","floor":36,"turns":7},{"damage":0,"enemies":"Orb Walker","floor":37,"turns":4},{"damage":0,"enemies":"4 Shapes","floor":38,"turns":4},{"damage":0,"enemies":"Maw","floor":39,"turns":6},{"damage":0,"enemies":"Giant Head","floor":40,"turns":5},{"damage":0,"enemies":"Spire Growth","floor":42,"turns":5},{"damage":0,"enemies":"Nemesis","floor":44,"turns":5},{"damage":0,"enemies":"3 Darklings","floor":45,"turns":4},{"damage":0,"enemies":"Jaw Worm Horde","floor":47,"turns":2},{"damage":0,"enemies":"4 Shapes","floor":48,"turns":5},{"damage":0,"enemies":"Awakened One","floor":50,"turns":6},{"damage":0,"enemies":"Donu and Deca","floor":51,"turns":5},{"damage":0,"enemies":"Shield and Spear","floor":55,"turns":8},{"damage":10,"enemies":"The Heart","floor":56,"turns":9}],"green_key_taken_log":44,"seed_played":"6103017749214824604","neow_bonus_log":{"cardsObtained":[],"cardsUpgraded":[],"cardsRemoved":[],"cardsTransformed":[],"relicsObtained":["NeowsBlessing"],"maxHpGained":0,"goldGained":0,"damageTaken":0,"goldLost":0,"maxHpLost":0},"potions_obtained":[{"floor":8,"key":"DistilledChaos"},{"floor":11,"key":"SteroidPotion"},{"floor":20,"key":"Swift Potion"},{"floor":23,"key":"BlessingOfTheForge"},{"floor":28,"key":"Regen Potion"},{"floor":35,"key":"SkillPotion"},{"floor":39,"key":"Dexterity Potion"},{"floor":42,"key":"FairyPotion"}],"is_trial":false,"path_per_floor":["M","$","?","?","?","E","T","E","T","R","M","E","M","?","R","B",null,"M","M","M","?","$","E","$","R","T","M","E","$","R","M","R","B",null,"M","?","M","M","M","E","R","M","T","E","M","$","M","M","R","B","B",null,"R","$","E","B",null],"character_chosen":"THE_SILENT","basemod:card_modifiers":[null,null,null,null,null,null,null,null,null,null,null,null,null,null,null,null,null,null,null,null,null,null,null,null,null,null,null,null,null],"items_purchased":["Panache+1","Eternal Feather","Mummified Hand","CultistPotion"],"campfire_rested":0,"item_purchase_floors":[22,24,46,54],"current_hp_per_floor":[59,59,64,53,53,53,53,53,53,53,53,39,39,39,39,27,55,55,55,40,40,40,36,36,48,48,48,39,39,51,51,63,63,64,64,64,64,64,64,64,64,64,64,64,64,64,64,64,64,64,64,64,64,64,64,54],"gold":52,"neow_bonus":"THREE_ENEMY_KILL","is_prod":false,"is_daily":false,"rewards_skipped":[{"floor":12,"relics":[],"potions":["Explosive Potion"]},{"floor":13,"relics":[],"potions":["AttackPotion"]},{"floor":44,"relics":[],"potions":["FearPotion"]},{"floor":48,"relics":[],"potions":["SteroidPotion"]}],"chose_seed":false,"campfire_upgraded":7,"win_rate":0,"floor_exit_playtime":[21,27,30,36,42,53,61,93,97,104,143,252,303,307,315,447,505,587,660,796,799,818,939,952,963,972,1071,1203,1221,1227,1289,1297,1513,1715,1811,1975,2083,2197,2400,2618,2628,2765,2769,2914,3042,3071,3119,3211,3217,3474,3643,3656,3665,3694,3951,4273],"timestamp":1744523824,"blue_key_relic_skipped_log":{"floor":43,"relicID":"Whetstone"},"path_taken":["M","$","?","?","?","E","?","E","T","R","?","E","M","?","R","BOSS","M","M","M","?","$","E","$","R","T","M","E","$","R","M","R","BOSS","M","?","M","M","M","E","R","M","T","E","M","$","M","M","R","BOSS","BOSS","R","$","E","BOSS"],"build_version":"2022-12-18","purchased_purges":2,"victory":true,"max_hp_per_floor":[66,66,71,71,71,71,71,71,71,71,71,71,71,64,64,64,64,64,64,64,64,64,64,64,64,64,64,64,64,64,64,64,64,64,64,64,64,64,64,64,64,64,64,64,64,64,64,64,64,64,64,64,64,64,64,64],"relic_stats":{"Regal Pillow":0,"Calipers":[2221],"counters":[30,165],"Golden Idol":186,"Eternal Feather":36,"Orichalcum":[0],"Nunchaku":[43],"Shuriken":[92],"Mummified Hand":[34],"Bronze Scales":[569],"Bottled Lightning":"Acrobatics","obtain_stats":[{"Potion Belt":28,"Regal Pillow":44,"Calipers":36,"NeowsBlessing":0,"Golden Idol":14,"Eternal Feather":24,"Incense Burner":40,"Frozen Egg 2":9,"Orichalcum":55,"Nunchaku":8,"Anchor":23,"Shuriken":4,"Mummified Hand":46,"Bronze Scales":7,"Philosopher\u0027s Stone":34,"Coffee Dripper":17,"Bottled Lightning":26,"Unceasing Top":6,"FossilizedHelix":12,"Ring of the Snake":0},{"Potion Belt":13,"Regal Pillow":23,"Calipers":17,"NeowsBlessing":0,"Golden Idol":6,"Eternal Feather":11,"Incense Burner":21,"Frozen Egg 2":3,"Orichalcum":29,"Nunchaku":3,"Anchor":11,"Shuriken":1,"Mummified Hand":24,"Bronze Scales":2,"Philosopher\u0027s Stone":15,"Coffee Dripper":7,"Bottled Lightning":11,"Unceasing Top":2,"FossilizedHelix":5,"Ring of the Snake":0},{"Potion Belt":74,"Regal Pillow":126,"Calipers":97,"NeowsBlessing":0,"Golden Idol":25,"Eternal Feather":62,"Incense Burner":116,"Frozen Egg 2":4,"Orichalcum":156,"Nunchaku":4,"Anchor":62,"Shuriken":1,"Mummified Hand":130,"Bronze Scales":2,"Philosopher\u0027s Stone":87,"Coffee Dripper":38,"Bottled Lightning":62,"Unceasing Top":2,"FossilizedHelix":20,"Ring of the Snake":0}],"Unceasing Top":[37],"FossilizedHelix":[95],"Ring of the Snake":[60]},"card_choices":[{"not_picked":["Flying Knee","Noxious Fumes"],"picked":"Underhanded Strike","floor":1},{"not_picked":["Blade Dance","Slice"],"picked":"Footwork","floor":6},{"not_picked":["Escape Plan","Deflect","Quick Slash"],"picked":"SKIP","floor":8},{"not_picked":["Distraction","Slice","Underhanded Strike"],"picked":"SKIP","floor":11},{"not_picked":["Corpse Explosion","Doppelganger"],"picked":"Acrobatics","floor":12},{"not_picked":["Dagger Spray","Deadly Poison","Expertise"],"picked":"SKIP","floor":13},{"not_picked":["Burst","Adrenaline"],"picked":"After Image+1","floor":16},{"not_picked":["Backflip","Outmaneuver"],"picked":"Calculated Gamble","floor":18},{"not_picked":["Reflex","Flechettes"],"picked":"Acrobatics","floor":19},{"not_picked":["Riddle With Holes+1","Bane"],"picked":"Acrobatics","floor":20},{"not_picked":["Heel Hook","Blade Dance"],"picked":"Backflip","floor":23},{"not_picked":["Masterful Stab","Footwork+1"],"picked":"Tactician","floor":27},{"not_picked":["Deflect","Heel Hook+1"],"picked":"Crippling Poison","floor":28},{"not_picked":["Prepared","Masterful Stab","Skewer"],"picked":"SKIP","floor":31},{"not_picked":["Unload","Envenom+1"],"picked":"Venomology","floor":33},{"not_picked":["Choke","Quick Slash"],"picked":"Footwork+1","floor":35},{"not_picked":["Finisher","Masterful Stab","Accuracy+1"],"picked":"SKIP","floor":36},{"not_picked":["Sucker Punch","Dagger Spray"],"picked":"Backflip","floor":37},{"not_picked":["Blade Dance","Underhanded Strike+1"],"picked":"Well Laid Plans+1","floor":38},{"not_picked":["Noxious Fumes+1","Bane","Deadly Poison"],"picked":"SKIP","floor":39},{"not_picked":["Grand Finale","Quick Slash"],"picked":"Acrobatics+1","floor":40},{"not_picked":["Flechettes+1","Blur","Endless Agony"],"picked":"SKIP","floor":42},{"not_picked":["Deflect","Deadly Poison","Storm of Steel"],"picked":"SKIP","floor":44},{"not_picked":["Blade Dance+1","Sucker Punch","Dodge and Roll"],"picked":"SKIP","floor":45},{"not_picked":["Deadly Poison","Deflect","Dagger Throw"],"picked":"SKIP","floor":47},{"not_picked":["Sucker Punch","Acrobatics"],"picked":"Tactician","floor":48},{"not_picked":["Dagger Spray","Dash"],"picked":"Well Laid Plans+1","floor":55}],"player_experience":1019293,"relics_obtained":[{"floor":6,"key":"Unceasing Top"},{"floor":7,"key":"Bronze Scales"},{"floor":8,"key":"Nunchaku"},{"floor":9,"key":"Frozen Egg 2"},{"floor":12,"key":"FossilizedHelix"},{"floor":23,"key":"Anchor"},{"floor":26,"key":"Bottled Lightning"},{"floor":28,"key":"Potion Belt"},{"floor":36,"key":"Calipers"},{"floor":40,"key":"Incense Burner"},{"floor":44,"key":"Regal Pillow"},{"floor":55,"key":"Orichalcum"}],"event_choices":[{"damage_healed":0,"gold_gain":0,"player_choice":"Donut","damage_taken":0,"max_hp_gain":5,"max_hp_loss":0,"event_name":"Big Fish","floor":3,"gold_loss":0},{"damage_healed":0,"gold_gain":0,"player_choice":"Success","damage_taken":11,"relics_obtained":["Shuriken"],"max_hp_gain":0,"max_hp_loss":0,"event_name":"Scrap Ooze","floor":4,"gold_loss":0},{"damage_healed":0,"gold_gain":0,"cards_transformed":["Strike_G"],"player_choice":"Change","damage_taken":0,"max_hp_gain":0,"max_hp_loss":0,"event_name":"Living Wall","floor":5,"gold_loss":0,"cards_obtained":["Cloak And Dagger"]},{"damage_healed":0,"gold_gain":0,"player_choice":"Lose Max HP","damage_taken":0,"relics_obtained":["Golden Idol"],"max_hp_gain":0,"max_hp_loss":7,"event_name":"Golden Idol","floor":14,"gold_loss":0},{"damage_healed":0,"gold_gain":0,"player_choice":"Ignored","damage_taken":0,"max_hp_gain":0,"max_hp_loss":0,"event_name":"Vampires","floor":21,"gold_loss":0},{"damage_healed":0,"gold_gain":0,"player_choice":"Fight","damage_taken":0,"max_hp_gain":0,"max_hp_loss":0,"event_name":"MindBloom","floor":36,"gold_loss":0}],"is_beta":false,"boss_relics":[{"not_picked":["Calling Bell","Sozu"],"picked":"Coffee Dripper"},{"not_picked":["Tiny House","Fusion Hammer"],"picked":"Philosopher\u0027s Stone"}],"items_purged_floors":[22,29],"is_endless":false,"potions_floor_spawned":[8,11,12,13,20,23,28,35,39,42,44,48],"ascension_level":20,"potion_discard_per_floor":[[],[],[],[],[],[],[],[],[],[],[],[],[],[],[],[],[],[],[],["SteroidPotion"],[],[],[],[],[],[],[],[],[],[],[],[],[],[],[],[],[],[],["Regen Potion"],[],[],["Energy Potion"],[],[],[],[],[],[],[],[],[],[],[],["Strength Potion"],[],[],[]]}