{"neow_bonuses_skipped_log":["TEN_PERCENT_HP_BONUS"],"neow_costs_skipped_log":["NONE"],"potions_obtained_entropic_brew":[[],[],[],[],[],[],[],[],[],[],[],[]],"gold_per_floor":[115,115,265,265,265,265,281,314,337,366,386,386],"floor_reached":12,"playtime":264,"items_purged":[],"score":222,"play_id":"88a7c963-c6ba-4062-9e4a-ba25da6e0549","local_time":"20250413134244","score_breakdown":["到達した階層 (12): 60","敵モンスター撃破数 (3): 6","エリート撃破：序章 (2): 20","ボス撃破 (0): 0","チャンピオン (1): 25","アセンション (20): 111"],"is_ascension_mode":true,"potions_obtained_alchemize":[[],[],[],[],[],[],[],[],[],[],[],[]],"campfire_choices":[{"data":"Concentrate","floor":6,"key":"SMITH"}],"lesson_learned_per_floor":[[],[],[],[],[],[],[],[],[],[],[],[]],"neow_cost":"NONE","improvable_cards":{},"seed_source_timestamp":120954638581792,"shop_contents":[{"floor":5,"relics":["Frozen Egg 2","FossilizedHelix","Frozen Eye"],"cards":["All Out Attack","Dagger Throw","PiercingWail","Crippling Poison","Accuracy","Jack Of All Trades","Sadistic Nature"],"potions":["Regen Potion","Block Potion","LiquidBronze"]}],"circlet_count":0,"master_deck":["AscendersBane","Strike_G","Strike_G","Strike_G","Strike_G","Strike_G","Defend_G","Defend_G","Defend_G","Defend_G","Defend_G","Survivor","Neutralize","Concentrate+1","Footwork","Bouncing Flask","Backstab","Backflip"],"potion_use_per_floor":[[],[],[],[],[],[],[],[],[],[],[],["Regen Potion"]],"relics":["Ring of the Snake","NeowsBlessing","Meat on the Bone","Juzu Bracelet"],"potions_floor_usage":[12],"damage_taken":[{"damage":0,"enemies":"Small Slimes","floor":1,"turns":1},{"damage":0,"enemies":"Jaw Worm","floor":7,"turns":1},{"damage":0,"enemies":"3 Sentries","floor":8,"turns":1},{"damage":50,"enemies":"Gremlin Nob","floor":10,"turns":5},{"damage":0,"enemies":"2 Louse","floor":11,"turns":2},{"damage":49,"enemies":"3 Sentries","floor":12,"turns":10}],"seed_played":"2269936726629475597","neow_bonus_log":{"cardsObtained":[],"cardsUpgraded":[],"cardsRemoved":[],"cardsTransformed":[],"relicsObtained":["NeowsBlessing"],"maxHpGained":0,"goldGained":0,"damageTaken":0,"goldLost":0,"maxHpLost":0},"potions_obtained":[{"floor":8,"key":"LiquidBronze"},{"floor":11,"key":"Regen Potion"}],"is_trial":false,"path_per_floor":["M","?","?","?","$","R","M","E","T","E","M","E"],"character_chosen":"THE_SILENT","basemod:card_modifiers":[null,null,null,null,null,null,null,null,null,null,null,null,null,null,null,null,null,null],"items_purchased":[],"campfire_rested":0,"item_purchase_floors":[],"current_hp_per_floor":[59,59,59,59,59,59,59,59,59,21,33,0],"gold":386,"neow_bonus":"THREE_ENEMY_KILL","is_prod":false,"is_daily":false,"rewards_skipped":[],"chose_seed":false,"campfire_upgraded":1,"win_rate":0,"floor_exit_playtime":[23,28,32,40,49,55,62,78,88,135,168],"timestamp":1744519364,"blue_key_relic_skipped_log":{"floor":9,"relicID":"Tiny Chest"},"path_taken":["M","?","?","?","$","R","M","E","T","E","M","E"],"build_version":"2022-12-18","purchased_purges":0,"victory":false,"max_hp_per_floor":[66,66,66,66,66,66,66,66,66,66,66,66],"relic_stats":{"counters":[6,20],"Juzu Bracelet":0,"obtain_stats":[{"NeowsBlessing":0,"Juzu Bracelet":10,"Ring of the Snake":0,"Meat on the Bone":8},{"NeowsBlessing":0,"Juzu Bracelet":4,"Ring of the Snake":0,"Meat on the Bone":3},{"NeowsBlessing":0,"Juzu Bracelet":8,"Ring of the Snake":0,"Meat on the Bone":3}],"Ring of the Snake":[12],"Meat on the Bone":24},"card_choices":[{"not_picked":["Slice","Heel Hook"],"picked":"Concentrate","floor":1},{"not_picked":["Dash","Well Laid Plans"],"picked":"Footwork","floor":7},{"not_picked":["Accuracy","Choke"],"picked":"Bouncing Flask","floor":8},{"not_picked":["Quick Slash","Predator"],"picked":"Backstab","floor":10},{"not_picked":["Dagger Throw","Bouncing Flask"],"picked":"Backflip","floor":11}],"player_experience":1018898,"relics_obtained":[{"floor":8,"key":"Meat on the Bone"},{"floor":10,"key":"Juzu Bracelet"}],"event_choices":[{"damage_healed":0,"gold_gain":0,"player_choice":"Leave","damage_taken":0,"max_hp_gain":0,"max_hp_loss":0,"event_name":"The Cleric","floor":2,"gold_loss":0},{"damage_healed":0,"gold_gain":150,"player_choice":"AGREE","damage_taken":0,"max_hp_gain":0,"max_hp_loss":0,"event_name":"Liars Game","floor":3,"gold_loss":0,"cards_obtained":["Doubt"]},{"cards_removed":["Doubt"],"damage_healed":0,"gold_gain":0,"player_choice":"Forget","damage_taken":0,"max_hp_gain":0,"max_hp_loss":0,"event_name":"Living Wall","floor":4,"gold_loss":0}],"is_beta":false,"boss_relics":[],"items_purged_floors":[],"is_endless":false,"potions_floor_spawned":[8,11],"killed_by":"3 Sentries","ascension_level":20,"potion_discard_per_floor":[[],[],[],[],[],[],[],[],[],[],[],[]]}