{"neow_bonuses_skipped_log":["THREE_CARDS","THREE_SMALL_POTIONS","BOSS_RELIC"],"potions_obtained_entropic_brew":[[],[],[],[],[],[],[],[],[],[],[],[],[],[],[],[]],"neow_costs_skipped_log":["NONE","NONE","NONE"],"gold_per_floor":[113,38,56,56,81,81,103,103,129,170,170,204,280,307,307,307],"floor_reached":16,"playtime":442,"items_purged":["Shame"],"score":216,"play_id":"7e20f2ef-a611-41df-a765-2b24f381c545","local_time":"20250413103706","score_breakdown":["到達した階層 (16): 80","敵モンスター撃破数 (4): 8","エリート撃破：序章 (2): 20","ボス撃破 (0): 0","アセンション (20): 108"],"is_ascension_mode":true,"potions_obtained_alchemize":[[],[],[],[],[],[],[],[],[],[],[],[],[],[],[],[]],"campfire_choices":[{"floor":6,"key":"REST"},{"floor":11,"key":"REST"},{"data":"Neutralize","floor":15,"key":"SMITH"}],"lesson_learned_per_floor":[[],[],[],[],[],[],[],[],[],[],[],[],[],[],[],[]],"neow_cost":"CURSE","improvable_cards":{},"seed_source_timestamp":109637672409458,"shop_contents":[{"floor":2,"relics":["Bag of Preparation","Singing Bowl","Medical Kit"],"cards":["Underhanded Strike","Sucker Punch","Dodge and Roll","Blade Dance","Caltrops","Mind Blast","Apotheosis"],"potions":["Ancient Potion","Poison Potion","Regen Potion"]}],"circlet_count":0,"master_deck":["AscendersBane","Strike_G","Strike_G","Strike_G","Strike_G","Strike_G+1","Defend_G","Defend_G","Defend_G","Defend_G","Defend_G","Survivor","Neutralize+1","Dagger Spray+1","Underhanded Strike","Backflip","Endless Agony","Escape Plan","Endless Agony"],"potion_use_per_floor":[[],[],[],[],[],[],[],[],[],[],[],["SneckoOil"],[],[],[],[]],"relics":["Ring of the Snake","Bird Faced Urn","CeramicFish","Bronze Scales","Pear","Juzu Bracelet"],"potions_floor_usage":[12],"damage_taken":[{"damage":32,"enemies":"Jaw Worm","floor":1,"turns":13},{"damage":1,"enemies":"Cultist","floor":3,"turns":4},{"damage":7,"enemies":"2 Louse","floor":7,"turns":3},{"damage":12,"enemies":"3 Sentries","floor":10,"turns":6},{"damage":8,"enemies":"Gremlin Nob","floor":12,"turns":3},{"damage":0,"enemies":"2 Fungi Beasts","floor":14,"turns":3},{"damage":31,"enemies":"Hexaghost","floor":16,"turns":8}],"seed_played":"-7645364329259742269","neow_bonus_log":{"cardsObtained":["Shame"],"cardsUpgraded":[],"cardsRemoved":[],"cardsTransformed":[],"relicsObtained":["Bird Faced Urn"],"maxHpGained":0,"goldGained":0,"damageTaken":0,"goldLost":0,"maxHpLost":0},"potions_obtained":[{"floor":1,"key":"SpeedPotion"},{"floor":3,"key":"SneckoOil"},{"floor":7,"key":"Fire Potion"},{"floor":12,"key":"SpeedPotion"}],"is_trial":false,"path_per_floor":["M","$","M","?","T","R","M","?","T","E","R","E","?","M","R","B"],"character_chosen":"THE_SILENT","basemod:card_modifiers":[null,null,null,null,null,null,null,null,null,null,null,null,null,null,null,null,null,null,null],"items_purchased":[],"campfire_rested":2,"item_purchase_floors":[],"current_hp_per_floor":[27,27,26,6,6,25,18,18,18,16,38,30,30,30,30,0],"gold":307,"neow_bonus":"ONE_RARE_RELIC","is_prod":false,"is_daily":false,"rewards_skipped":[],"chose_seed":false,"campfire_upgraded":1,"win_rate":0,"floor_exit_playtime":[97,106,132,136,139,143,181,185,188,249,254,313,317,358,366],"timestamp":1744508226,"path_taken":["M","$","M","?","?","R","?","?","T","E","R","E","?","M","R","BOSS"],"build_version":"2022-12-18","purchased_purges":1,"victory":false,"max_hp_per_floor":[66,66,66,66,66,66,66,66,66,76,76,76,76,76,76,76],"relic_stats":{"counters":[7,40],"Bird Faced Urn":[0],"CeramicFish":36,"Bronze Scales":[54],"Juzu Bracelet":0,"obtain_stats":[{"Pear":10,"Bird Faced Urn":0,"CeramicFish":5,"Bronze Scales":9,"Juzu Bracelet":12,"Ring of the Snake":0},{"Pear":4,"Bird Faced Urn":0,"CeramicFish":2,"Bronze Scales":3,"Juzu Bracelet":5,"Ring of the Snake":0},{"Pear":26,"Bird Faced Urn":0,"CeramicFish":17,"Bronze Scales":20,"Juzu Bracelet":29,"Ring of the Snake":0}],"Ring of the Snake":[14]},"card_choices":[{"not_picked":["Backflip","Bane"],"picked":"Dagger Spray","floor":1},{"not_picked":["Blur","Finisher"],"picked":"Underhanded Strike","floor":3},{"not_picked":["Bane","Underhanded Strike"],"picked":"Backflip","floor":7},{"not_picked":["Choke","Heel Hook"],"picked":"Endless Agony","floor":10},{"not_picked":["Setup","Backflip"],"picked":"Escape Plan","floor":12},{"not_picked":["Slice","Deflect"],"picked":"Endless Agony","floor":14}],"player_experience":1016707,"relics_obtained":[{"floor":5,"key":"CeramicFish"},{"floor":9,"key":"Bronze Scales"},{"floor":10,"key":"Pear"},{"floor":12,"key":"Juzu Bracelet"}],"event_choices":[{"damage_healed":0,"gold_gain":0,"player_choice":"Entered Light","damage_taken":20,"max_hp_gain":0,"max_hp_loss":0,"event_name":"Shining Light","floor":4,"gold_loss":0,"cards_upgraded":["Strike_G","Dagger Spray"]},{"damage_healed":0,"gold_gain":0,"player_choice":"Ignored","damage_taken":0,"max_hp_gain":0,"max_hp_loss":0,"event_name":"Liars Game","floor":8,"gold_loss":0},{"damage_healed":0,"gold_gain":76,"player_choice":"Gained Gold","damage_taken":0,"max_hp_gain":0,"max_hp_loss":0,"event_name":"Golden Wing","floor":13,"gold_loss":0}],"is_beta":false,"boss_relics":[],"items_purged_floors":[2],"is_endless":false,"potions_floor_spawned":[1,3,7,12],"killed_by":"Hexaghost","ascension_level":20,"potion_discard_per_floor":[[],[],[],[],[],[],["SpeedPotion"],[],[],[],[],[],[],[],[],[]]}