{"neow_bonuses_skipped_log":["HUNDRED_GOLD","THREE_RARE_CARDS","BOSS_RELIC"],"potions_obtained_entropic_brew":[[],[],[]],"neow_costs_skipped_log":["NONE","CURSE","NONE"],"gold_per_floor":[109,34,34],"floor_reached":3,"playtime":161,"items_purged":[],"score":34,"play_id":"08abdf89-5ba5-455e-9cd5-fd4cfdf3e47b","local_time":"20250413103955","score_breakdown":["到達した階層 (3): 15","敵モンスター撃破数 (1): 2","エリート撃破：序章 (0): 0","ボス撃破 (0): 0","アセンション (20): 17"],"is_ascension_mode":true,"potions_obtained_alchemize":[[],[],[]],"campfire_choices":[],"lesson_learned_per_floor":[[],[],[]],"neow_cost":"NONE","improvable_cards":{},"seed_source_timestamp":110088774618458,"shop_contents":[],"circlet_count":0,"master_deck":["AscendersBane","Strike_G","Strike_G","Strike_G","Strike_G","Strike_G","Defend_G","Defend_G","Defend_G","Defend_G","Survivor","Neutralize","Envenom","Catalyst"],"potion_use_per_floor":[[],[],[]],"relics":["Ring of the Snake"],"potions_floor_usage":[],"damage_taken":[{"damage":8,"enemies":"Jaw Worm","floor":1,"turns":5},{"damage":7,"enemies":"Small Slimes","floor":3,"turns":3}],"seed_played":"792083827466905564","neow_bonus_log":{"cardsObtained":["Envenom"],"cardsUpgraded":[],"cardsRemoved":[],"cardsTransformed":[],"relicsObtained":[],"maxHpGained":0,"goldGained":0,"damageTaken":0,"goldLost":0,"maxHpLost":0},"potions_obtained":[],"is_trial":false,"path_per_floor":["M","?","M"],"character_chosen":"THE_SILENT","basemod:card_modifiers":[null,null,null,null,null,null,null,null,null,null,null,null,null,null],"items_purchased":[],"campfire_rested":0,"item_purchase_floors":[],"current_hp_per_floor":[51,51,44],"gold":34,"neow_bonus":"ONE_RANDOM_RARE_CARD","is_prod":false,"is_daily":false,"rewards_skipped":[],"chose_seed":false,"campfire_upgraded":0,"win_rate":0,"floor_exit_playtime":[124,135],"timestamp":1744508395,"path_taken":["M","?","M"],"build_version":"2022-12-18","purchased_purges":0,"victory":false,"max_hp_per_floor":[66,66,66],"relic_stats":{"counters":[2,8],"obtain_stats":[{"Ring of the Snake":0},{"Ring of the Snake":0},{"Ring of the Snake":0}],"Ring of the Snake":[4]},"card_choices":[{"not_picked":["Cloak And Dagger","Backflip"],"picked":"Catalyst","floor":1}],"player_experience":1017149,"relics_obtained":[],"event_choices":[{"cards_removed":["Defend_G"],"damage_healed":0,"gold_gain":0,"player_choice":"Card Removal","damage_taken":0,"max_hp_gain":0,"max_hp_loss":0,"event_name":"The Cleric","floor":2,"gold_loss":75}],"is_beta":false,"boss_relics":[],"items_purged_floors":[],"is_endless":false,"potions_floor_spawned":[],"killed_by":"Small Slimes","ascension_level":20,"potion_discard_per_floor":[[],[],[]]}