{"neow_bonuses_skipped_log":["TRANSFORM_CARD","TEN_PERCENT_HP_BONUS","BOSS_RELIC"],"potions_obtained_entropic_brew":[[],[],[],[],[],[],[],[],[],[],[],[],[],[]],"neow_costs_skipped_log":["NONE","NONE","NONE"],"gold_per_floor":[111,111,123,123,142,142,171,171,194,219,2,35,52,52],"floor_reached":14,"playtime":907,"items_purged":[],"score":216,"play_id":"10e62dfe-24e0-428b-9543-08c5443456d8","local_time":"20250413174505","score_breakdown":["到達した階層 (14): 70","敵モンスター撃破数 (4): 8","エリート撃破：序章 (3): 30","ボス撃破 (0): 0","アセンション (20): 108"],"is_ascension_mode":true,"potions_obtained_alchemize":[[],[],[],[],[],[],[],[],[],[],[],[],[],[]],"campfire_choices":[{"data":"Masterful Stab","floor":6,"key":"SMITH"},{"floor":8,"key":"REST"}],"lesson_learned_per_floor":[[],[],[],[],[],[],[],[],[],[],[],[],[],[]],"neow_cost":"PERCENT_DAMAGE","improvable_cards":{},"seed_source_timestamp":134852544849583,"shop_contents":[{"floor":11,"relics":["Art of War","TungstenRod","Frozen Eye"],"cards":["Poisoned Stab","Masterful Stab","Cloak And Dagger","Storm of Steel","Bandage Up","Master of Strategy"],"potions":["CunningPotion","SkillPotion"]}],"circlet_count":0,"master_deck":["AscendersBane","Strike_G","Strike_G","Strike_G","Strike_G","Defend_G","Defend_G","Defend_G","Defend_G","Defend_G","Survivor","Neutralize","Masterful Stab+1","Cloak And Dagger","Backflip","Dagger Throw","Envenom","Acrobatics","Bouncing Flask"],"potion_use_per_floor":[[],[],[],[],[],[],["Strength Potion"],[],[],["Swift Potion"],[],[],[],["Dexterity Potion"]],"relics":["Ring of the Snake","Unceasing Top","Nunchaku","Happy Flower","Tough Bandages","The Specimen"],"potions_floor_usage":[7,10,14],"damage_taken":[{"damage":6,"enemies":"Cultist","floor":1,"turns":5},{"damage":0,"enemies":"Small Slimes","floor":3,"turns":4},{"damage":0,"enemies":"Jaw Worm","floor":5,"turns":5},{"damage":17,"enemies":"3 Sentries","floor":7,"turns":10},{"damage":17,"enemies":"Gremlin Nob","floor":10,"turns":4},{"damage":20,"enemies":"3 Sentries","floor":12,"turns":10},{"damage":0,"enemies":"Exordium Thugs","floor":13,"turns":6},{"damage":27,"enemies":"Gremlin Gang","floor":14,"turns":3}],"seed_played":"8610075802859275504","neow_bonus_log":{"cardsObtained":[],"cardsUpgraded":[],"cardsRemoved":[],"cardsTransformed":[],"relicsObtained":["Unceasing Top"],"maxHpGained":0,"goldGained":0,"damageTaken":15,"goldLost":0,"maxHpLost":0},"potions_obtained":[{"floor":1,"key":"Swift Potion"},{"floor":5,"key":"Strength Potion"},{"floor":10,"key":"EssenceOfSteel"},{"floor":13,"key":"Dexterity Potion"}],"is_trial":false,"path_per_floor":["M","?","M","?","M","R","E","R","T","E","$","E","M","M"],"character_chosen":"THE_SILENT","basemod:card_modifiers":[null,null,null,null,null,null,null,null,null,null,null,null,null,null,null,null,null,null,null],"items_purchased":["Strength Potion","Envenom"],"campfire_rested":1,"item_purchase_floors":[11,11],"current_hp_per_floor":[38,60,60,60,60,60,43,62,62,45,45,25,25,0],"gold":52,"neow_bonus":"ONE_RARE_RELIC","is_prod":false,"is_daily":false,"rewards_skipped":[],"chose_seed":false,"campfire_upgraded":1,"win_rate":0,"floor_exit_playtime":[63,68,110,117,158,166,265,272,275,342,507,646,823],"timestamp":1744533905,"path_taken":["M","?","M","?","M","R","E","R","T","E","$","E","M","M"],"build_version":"2022-12-18","purchased_purges":0,"victory":false,"max_hp_per_floor":[66,66,66,66,66,66,66,66,66,66,66,66,66,66],"relic_stats":{"Nunchaku":[4],"Tough Bandages":[36],"Happy Flower":[7],"The Specimen":[0],"counters":[8,47],"obtain_stats":[{"Nunchaku":7,"Tough Bandages":10,"Happy Flower":9,"The Specimen":12,"Unceasing Top":0,"Ring of the Snake":0},{"Nunchaku":4,"Tough Bandages":5,"Happy Flower":4,"The Specimen":6,"Unceasing Top":0,"Ring of the Snake":0},{"Nunchaku":24,"Tough Bandages":28,"Happy Flower":24,"The Specimen":38,"Unceasing Top":0,"Ring of the Snake":0}],"Unceasing Top":[3],"Ring of the Snake":[16]},"card_choices":[{"not_picked":["Catalyst","Sucker Punch"],"picked":"Masterful Stab","floor":1},{"not_picked":["PiercingWail","Sucker Punch"],"picked":"Cloak And Dagger","floor":3},{"not_picked":["Catalyst","Masterful Stab"],"picked":"Backflip","floor":5},{"not_picked":["PiercingWail","Dodge and Roll","Accuracy"],"picked":"SKIP","floor":7},{"not_picked":["Choke","Blade Dance"],"picked":"Dagger Throw","floor":10},{"not_picked":["Adrenaline","Noxious Fumes"],"picked":"Acrobatics","floor":12},{"not_picked":["Quick Slash","Well Laid Plans"],"picked":"Bouncing Flask","floor":13}],"player_experience":1023566,"relics_obtained":[{"floor":7,"key":"Nunchaku"},{"floor":9,"key":"Happy Flower"},{"floor":10,"key":"Tough Bandages"},{"floor":12,"key":"The Specimen"}],"event_choices":[{"damage_healed":22,"gold_gain":0,"player_choice":"Banana","damage_taken":0,"max_hp_gain":0,"max_hp_loss":0,"event_name":"Big Fish","floor":2,"gold_loss":0},{"cards_removed":["Strike_G"],"damage_healed":0,"gold_gain":0,"player_choice":"Purged","damage_taken":0,"max_hp_gain":0,"max_hp_loss":0,"event_name":"Purifier","floor":4,"gold_loss":0}],"is_beta":false,"boss_relics":[],"items_purged_floors":[],"is_endless":false,"potions_floor_spawned":[1,5,10,13],"killed_by":"Gremlin Gang","ascension_level":20,"potion_discard_per_floor":[[],[],[],[],[],[],[],[],[],[],[],[],["EssenceOfSteel"],[]]}