{"neow_bonuses_skipped_log":["TEN_PERCENT_HP_BONUS"],"potions_obtained_entropic_brew":[[],[],[],[],[],[],[],[],[],[],[],[],[],[],[],[]],"neow_costs_skipped_log":["NONE"],"gold_per_floor":[118,32,43,3,3,29,43,43,67,84,94,128,128,158,158,158],"floor_reached":16,"playtime":525,"items_purged":[],"score":290,"play_id":"2c5a6922-24ba-467d-b236-5b0fd96eb280","local_time":"20250413175402","score_breakdown":["到達した階層 (16): 80","敵モンスター撃破数 (5): 10","エリート撃破：序章 (3): 30","ボス撃破 (0): 0","チャンピオン (1): 25","アセンション (20): 145"],"is_ascension_mode":true,"potions_obtained_alchemize":[[],[],[],[],[],[],["FairyPotion"],[],[],["SkillPotion"],[],["AttackPotion"],[],["Dexterity Potion"],[],["Explosive Potion"]],"campfire_choices":[{"data":"Acrobatics","floor":15,"key":"SMITH"}],"lesson_learned_per_floor":[[],[],[],[],[],[],[],[],[],[],[],[],[],[],[],[]],"neow_cost":"NONE","improvable_cards":{},"seed_source_timestamp":135771888365417,"shop_contents":[{"floor":2,"relics":["Regal Pillow","MealTicket","Membership Card"],"cards":["Predator","Deflect","Cloak And Dagger","Accuracy","Jack Of All Trades","Transmutation"],"potions":["AttackPotion","BlessingOfTheForge","Energy Potion"]},{"floor":4,"relics":["Shuriken","Sundial","Chemical X"],"cards":["Bane","Escape Plan","Acrobatics","Infinite Blades","Impatience","Secret Weapon"],"potions":["SkillPotion","Fruit Juice","EssenceOfSteel"]}],"circlet_count":0,"master_deck":["AscendersBane","Strike_G","Strike_G","Strike_G","Strike_G","Strike_G","Defend_G","Defend_G","Defend_G","Defend_G","Defend_G","Survivor","Neutralize","Acrobatics+1","Backstab","Underhanded Strike","Eviscerate+1","Venomology","Tactician+1","Dagger Throw"],"potion_use_per_floor":[[],[],[],[],[],[],[],[],[],["Fire Potion"],[],["SkillPotion","AttackPotion"],[],["Swift Potion"],[],["Dexterity Potion","FairyPotion"]],"relics":["Ring of the Snake","NeowsBlessing","Boot","Smiling Mask","Pear","Lantern"],"potions_floor_usage":[10,12,12,14,16],"damage_taken":[{"damage":0,"enemies":"Cultist","floor":1,"turns":1},{"damage":0,"enemies":"2 Louse","floor":3,"turns":1},{"damage":0,"enemies":"3 Sentries","floor":6,"turns":1},{"damage":0,"enemies":"Jaw Worm","floor":7,"turns":2},{"damage":1,"enemies":"Exordium Thugs","floor":10,"turns":4},{"damage":1,"enemies":"Red Slaver","floor":11,"turns":2},{"damage":29,"enemies":"Lagavulin","floor":12,"turns":6},{"damage":12,"enemies":"3 Sentries","floor":14,"turns":6},{"damage":53,"enemies":"Hexaghost","floor":16,"turns":10}],"green_key_taken_log":12,"seed_played":"1984512685551204313","neow_bonus_log":{"cardsObtained":[],"cardsUpgraded":[],"cardsRemoved":[],"cardsTransformed":[],"relicsObtained":["NeowsBlessing"],"maxHpGained":0,"goldGained":0,"damageTaken":0,"goldLost":0,"maxHpLost":0},"potions_obtained":[{"floor":3,"key":"Fire Potion"},{"floor":12,"key":"Swift Potion"}],"is_trial":false,"path_per_floor":["M","$","M","$","?","E","M","?","T","M","M","E","?","E","R","B"],"character_chosen":"THE_SILENT","basemod:card_modifiers":[null,null,null,null,null,null,null,null,null,null,null,null,null,null,null,null,null,null,null,null],"items_purchased":["Backstab","Eviscerate"],"campfire_rested":0,"item_purchase_floors":[2,4],"current_hp_per_floor":[59,59,59,59,59,59,59,59,59,58,57,38,38,26,26,0],"gold":158,"neow_bonus":"THREE_ENEMY_KILL","is_prod":false,"is_daily":false,"rewards_skipped":[{"floor":7,"relics":[],"potions":["Poison Potion"]},{"floor":14,"relics":[],"potions":["AttackPotion"]}],"chose_seed":false,"campfire_upgraded":1,"win_rate":0,"floor_exit_playtime":[19,27,36,42,49,69,96,103,106,147,177,275,293,410,416],"timestamp":1744534442,"path_taken":["M","$","M","$","?","E","M","?","T","M","M","E","?","E","R","BOSS"],"build_version":"2022-12-18","purchased_purges":0,"victory":false,"max_hp_per_floor":[66,66,66,66,66,66,66,66,66,66,66,76,76,76,76,76],"relic_stats":{"counters":[9,33],"Boot":[24],"Smiling Mask":0,"obtain_stats":[{"Lantern":14,"Pear":12,"NeowsBlessing":0,"Boot":6,"Smiling Mask":9,"Ring of the Snake":0},{"Lantern":8,"Pear":7,"NeowsBlessing":0,"Boot":3,"Smiling Mask":4,"Ring of the Snake":0},{"Lantern":23,"Pear":17,"NeowsBlessing":0,"Boot":3,"Smiling Mask":5,"Ring of the Snake":0}],"Ring of the Snake":[18]},"card_choices":[{"not_picked":["Deflect","Dagger Spray"],"picked":"Acrobatics","floor":1},{"not_picked":["Bane","Flying Knee"],"picked":"Underhanded Strike","floor":3},{"not_picked":["PiercingWail","Choke"],"picked":"Venomology","floor":6},{"not_picked":["Backflip","Outmaneuver"],"picked":"Tactician","floor":7},{"not_picked":["Bane","Masterful Stab"],"picked":"Dagger Throw","floor":10},{"not_picked":["Bane","Poisoned Stab","Deflect"],"picked":"SKIP","floor":11},{"not_picked":["Endless Agony","Finisher","Dagger Spray"],"picked":"SKIP","floor":12},{"not_picked":["Deadly Poison","Deflect","Flying Knee"],"picked":"SKIP","floor":14}],"player_experience":1024473,"relics_obtained":[{"floor":6,"key":"Boot"},{"floor":9,"key":"Smiling Mask"},{"floor":12,"key":"Pear"},{"floor":14,"key":"Lantern"}],"event_choices":[{"damage_healed":0,"gold_gain":0,"player_choice":"Grow","damage_taken":0,"max_hp_gain":0,"max_hp_loss":0,"event_name":"Living Wall","floor":5,"gold_loss":0,"cards_upgraded":["Eviscerate"]},{"damage_healed":0,"gold_gain":0,"player_choice":"Ignored","damage_taken":0,"max_hp_gain":0,"max_hp_loss":0,"event_name":"Liars Game","floor":8,"gold_loss":0},{"damage_healed":0,"gold_gain":0,"player_choice":"Upgraded","damage_taken":0,"max_hp_gain":0,"max_hp_loss":0,"event_name":"Upgrade Shrine","floor":13,"gold_loss":0,"cards_upgraded":["Tactician"]}],"is_beta":false,"boss_relics":[],"items_purged_floors":[],"is_endless":false,"potions_floor_spawned":[3,7,12,14],"killed_by":"Hexaghost","ascension_level":20,"potion_discard_per_floor":[[],[],[],[],[],[],[],[],[],[],[],[],[],[],[],[]]}