{"neow_bonuses_skipped_log":["TEN_PERCENT_HP_BONUS"],"neow_costs_skipped_log":["NONE"],"potions_obtained_entropic_brew":[[],[],[],[],[],[],[],[],[],[],[],[],[],[],[],[],[],[],[],[],[],[],[]],"gold_per_floor":[111,111,33,108,132,132,159,171,171,182,214,49,83,100,100,172,172,189,189,189,239,164,164],"floor_reached":23,"playtime":796,"items_purged":["Strike_G"],"score":460,"play_id":"8ff8f826-5aef-48b8-85be-d0d898ab0091","local_time":"20250413133412","score_breakdown":["到達した階層 (23): 115","敵モンスター撃破数 (5): 10","エリート撃破：序章 (3): 30","エリート撃破：シティ (0): 0","ボス撃破 (1): 50","チャンピオン (1): 25","アセンション (20): 230"],"is_ascension_mode":true,"potions_obtained_alchemize":[[],[],[],[],[],[],[],[],[],[],[],[],["LiquidMemories"],[],[],["Fire Potion"],[],["Dexterity Potion"],[],[],[],[],[]],"campfire_choices":[{"data":"Noxious Fumes","floor":6,"key":"SMITH"},{"data":"Acrobatics","floor":15,"key":"SMITH"}],"lesson_learned_per_floor":[[],[],[],[],[],[],[],[],[],[],[],[],[],[],[],[],[],[],[],[],[],[],[]],"neow_cost":"NONE","improvable_cards":{},"seed_source_timestamp":119909550585375,"shop_contents":[{"floor":3,"relics":["Turnip","Bronze Scales","OrangePellets"],"cards":["Flying Knee","Heel Hook","Blade Dance","Prepared","Forethought","Master of Strategy"],"potions":["LiquidBronze","EssenceOfSteel","CunningPotion"]},{"floor":12,"relics":["Bottled Flame","Meat on the Bone"],"cards":["Grand Finale","Poisoned Stab","Expertise","Tactician","Infinite Blades+1","Blind","Magnetism+1"],"potions":["Explosive Potion","FearPotion","SteroidPotion"]},{"floor":22,"relics":["Anchor","Ninja Scroll","Medical Kit"],"cards":["Dagger Throw","Underhanded Strike","Blur","Cloak And Dagger","Caltrops+1","Madness","Panache+1"],"potions":["LiquidMemories","DistilledChaos","SpeedPotion"]}],"circlet_count":0,"master_deck":["AscendersBane","Strike_G","Strike_G","Strike_G","Strike_G","Defend_G","Defend_G","Defend_G","Defend_G","Defend_G","Survivor","Neutralize","Skewer+1","Noxious Fumes+1","Blade Dance","Acrobatics+1","Terror","A Thousand Cuts+1","Reflex","Venomology","Backflip","Underhanded Strike","Infinite Blades+1","Crippling Poison","Adrenaline","Acrobatics"],"potion_use_per_floor":[[],[],[],[],[],[],[],[],[],[],["FearPotion"],[],[],[],[],["LiquidMemories"],[],["Block Potion","Dexterity Potion"],[],[],[],[],["GhostInAJar","Fire Potion"]],"relics":["Ring of the Snake","NeowsBlessing","Centennial Puzzle","Vajra","Pear","Frozen Egg 2","Orrery","Bottled Lightning","Black Star","Matryoshka"],"potions_floor_usage":[11,16,18,18,23,23],"damage_taken":[{"damage":0,"enemies":"2 Louse","floor":1,"turns":1},{"damage":0,"enemies":"Lagavulin","floor":7,"turns":1},{"damage":0,"enemies":"Jaw Worm","floor":8,"turns":1},{"damage":0,"enemies":"Cultist","floor":10,"turns":3},{"damage":8,"enemies":"Gremlin Nob","floor":11,"turns":3},{"damage":20,"enemies":"3 Sentries","floor":13,"turns":4},{"damage":7,"enemies":"Exordium Thugs","floor":14,"turns":3},{"damage":16,"enemies":"The Guardian","floor":16,"turns":9},{"damage":16,"enemies":"Chosen","floor":18,"turns":4},{"damage":24,"enemies":"Slavers","floor":23,"turns":5}],"seed_played":"-2704290645935458951","neow_bonus_log":{"cardsObtained":[],"cardsUpgraded":[],"cardsRemoved":[],"cardsTransformed":[],"relicsObtained":["NeowsBlessing"],"maxHpGained":0,"goldGained":0,"damageTaken":0,"goldLost":0,"maxHpLost":0},"potions_obtained":[{"floor":1,"key":"FearPotion"},{"floor":10,"key":"Ancient Potion"},{"floor":13,"key":"GhostInAJar"},{"floor":16,"key":"Block Potion"},{"floor":18,"key":"Fire Potion"}],"is_trial":false,"path_per_floor":["M","?","$","?","T","R","E","M","T","M","E","$","E","M","R","B",null,"M","?","T","?","$","E"],"character_chosen":"THE_SILENT","basemod:card_modifiers":[null,null,null,null,null,null,null,null,null,null,null,null,null,null,null,null,null,null,null,null,null,null,null,null,null,null],"items_purchased":["Noxious Fumes","Orrery"],"campfire_rested":0,"item_purchase_floors":[3,12],"current_hp_per_floor":[59,59,59,48,48,48,48,48,58,58,50,50,30,23,23,7,59,43,21,21,21,21,0],"gold":164,"neow_bonus":"THREE_ENEMY_KILL","is_prod":false,"is_daily":false,"rewards_skipped":[],"chose_seed":false,"campfire_upgraded":2,"win_rate":0,"floor_exit_playtime":[43,50,71,74,77,85,94,102,104,129,176,217,307,362,383,545,583,644,649,652,657,680],"timestamp":1744518852,"path_taken":["M","?","$","?","?","R","E","M","T","M","E","$","E","M","R","BOSS","M","?","?","?","$","E"],"build_version":"2022-12-18","purchased_purges":1,"victory":false,"max_hp_per_floor":[66,66,66,66,66,66,66,66,76,76,76,76,76,76,76,76,76,76,81,81,81,81,81],"relic_stats":{"Centennial Puzzle":[18],"Matryoshka":0,"counters":[10,34],"Black Star":0,"Bottled Lightning":"Acrobatics","obtain_stats":[{"Centennial Puzzle":5,"Pear":9,"Matryoshka":20,"NeowsBlessing":0,"Vajra":7,"Orrery":12,"Black Star":17,"Bottled Lightning":13,"Frozen Egg 2":11,"Ring of the Snake":0},{"Centennial Puzzle":1,"Pear":3,"Matryoshka":9,"NeowsBlessing":0,"Vajra":2,"Orrery":5,"Black Star":8,"Bottled Lightning":6,"Frozen Egg 2":5,"Ring of the Snake":0},{"Centennial Puzzle":1,"Pear":3,"Matryoshka":29,"NeowsBlessing":0,"Vajra":2,"Orrery":9,"Black Star":25,"Bottled Lightning":13,"Frozen Egg 2":9,"Ring of the Snake":0}],"Ring of the Snake":[20]},"card_choices":[{"not_picked":["Heel Hook","Prepared"],"picked":"Skewer","floor":1},{"not_picked":["Blur","Outmaneuver"],"picked":"Blade Dance","floor":7},{"not_picked":["Sucker Punch","Outmaneuver"],"picked":"Acrobatics","floor":8},{"not_picked":["Deadly Poison","Dagger Spray"],"picked":"Terror","floor":10},{"not_picked":["Acrobatics","Doppelganger"],"picked":"A Thousand Cuts+1","floor":11},{"not_picked":["Outmaneuver","Quick Slash"],"picked":"Reflex","floor":12},{"not_picked":["Bane","Accuracy+1"],"picked":"Venomology","floor":12},{"not_picked":["Cloak And Dagger","Outmaneuver"],"picked":"Backflip","floor":12},{"not_picked":["Cloak And Dagger","Quick Slash"],"picked":"Underhanded Strike","floor":12},{"not_picked":["Poisoned Stab","Dagger Throw","Riddle With Holes"],"picked":"SKIP","floor":12},{"not_picked":["Underhanded Strike","Dodge and Roll"],"picked":"Infinite Blades+1","floor":13},{"not_picked":["Infinite Blades+1","Dash"],"picked":"Crippling Poison","floor":14},{"not_picked":["Bullet Time","Unload"],"picked":"Adrenaline","floor":16},{"not_picked":["Caltrops+1","Deadly Poison+1"],"picked":"Acrobatics","floor":18}],"player_experience":1017871,"relics_obtained":[{"floor":5,"key":"Centennial Puzzle"},{"floor":7,"key":"Vajra"},{"floor":9,"key":"Pear"},{"floor":11,"key":"Frozen Egg 2"},{"floor":13,"key":"Bottled Lightning"},{"floor":20,"key":"Matryoshka"}],"event_choices":[{"damage_healed":0,"gold_gain":0,"player_choice":"Grow","damage_taken":0,"max_hp_gain":0,"max_hp_loss":0,"event_name":"Living Wall","floor":2,"gold_loss":0,"cards_upgraded":["Skewer"]},{"damage_healed":0,"gold_gain":75,"player_choice":"Gather Gold","damage_taken":11,"max_hp_gain":0,"max_hp_loss":0,"event_name":"World of Goop","floor":4,"gold_loss":0},{"damage_healed":0,"gold_gain":0,"player_choice":"Shed Blood","damage_taken":27,"max_hp_gain":5,"max_hp_loss":0,"event_name":"Forgotten Altar","floor":19,"gold_loss":0},{"damage_healed":0,"gold_gain":50,"player_choice":"Stole From Cult","damage_taken":0,"max_hp_gain":0,"max_hp_loss":0,"event_name":"Nest","floor":21,"gold_loss":0}],"is_beta":false,"boss_relics":[{"not_picked":["Tiny House","Ring of the Serpent"],"picked":"Black Star"}],"items_purged_floors":[22],"is_endless":false,"potions_floor_spawned":[1,10,13,16,18],"killed_by":"Slavers","ascension_level":20,"potion_discard_per_floor":[[],[],[],[],[],[],[],[],[],[],[],[],["Ancient Potion"],[],[],["Fire Potion"],[],[],[],[],[],[],[]]}