{"neow_bonuses_skipped_log":["THREE_CARDS","TRANSFORM_TWO_CARDS","BOSS_RELIC"],"neow_costs_skipped_log":["NONE","TEN_PERCENT_HP_LOSS","NONE"],"potions_obtained_entropic_brew":[[],[],[],[],[],[],[],[],[],[]],"gold_per_floor":[116,126,6,6,6,31,41,67,90,90],"floor_reached":10,"playtime":231,"items_purged":[],"score":202,"play_id":"a0363150-8be0-4c7d-bf32-46eda09ec479","local_time":"20250413133812","score_breakdown":["到達した階層 (10): 50","敵モンスター撃破数 (3): 6","エリート撃破：序章 (2): 20","ボス撃破 (0): 0","チャンピオン (1): 25","アセンション (20): 101"],"is_ascension_mode":true,"potions_obtained_alchemize":[[],[],[],[],[],[],[],[],[],[]],"campfire_choices":[],"lesson_learned_per_floor":[[],[],[],[],[],[],[],[],[],[]],"neow_cost":"NONE","improvable_cards":{},"seed_source_timestamp":120715895319167,"shop_contents":[{"floor":3,"relics":["Sundial","Gremlin Horn","OrangePellets"],"cards":["Quick Slash","Dagger Throw","Expertise","Discovery","Panache"],"potions":["Dexterity Potion","ColorlessPotion","CultistPotion"]},{"floor":5,"relics":["Akabeko","Kunai","Frozen Eye"],"cards":["Bane","Slice","Adrenaline","Calculated Gamble","Infinite Blades","Flash of Steel","Panache"],"potions":["SneckoOil","FearPotion","FearPotion"]}],"circlet_count":0,"master_deck":["AscendersBane","Strike_G","Strike_G","Strike_G","Strike_G","Strike_G","Defend_G","Defend_G","Defend_G","Defend_G","Defend_G","Survivor","Neutralize","Cloak And Dagger","Footwork","Bouncing Flask","Pain","Acrobatics","Acrobatics"],"potion_use_per_floor":[[],[],[],[],[],[],[],["Strength Potion"],[],[]],"relics":["Ring of the Snake","NeowsBlessing","Pen Nib","Happy Flower","Tiny Chest"],"potions_floor_usage":[8],"damage_taken":[{"damage":0,"enemies":"Small Slimes","floor":1,"turns":1},{"damage":0,"enemies":"Cultist","floor":2,"turns":1},{"damage":2,"enemies":"Lagavulin","floor":6,"turns":1},{"damage":0,"enemies":"2 Louse","floor":7,"turns":2},{"damage":35,"enemies":"Gremlin Nob","floor":8,"turns":4},{"damage":28,"enemies":"Lagavulin","floor":10,"turns":8}],"seed_played":"-8038536743532145150","neow_bonus_log":{"cardsObtained":[],"cardsUpgraded":[],"cardsRemoved":[],"cardsTransformed":[],"relicsObtained":["NeowsBlessing"],"maxHpGained":0,"goldGained":0,"damageTaken":0,"goldLost":0,"maxHpLost":0},"potions_obtained":[{"floor":1,"key":"FearPotion"},{"floor":2,"key":"Strength Potion"}],"is_trial":false,"path_per_floor":["M","M","$","?","$","E","M","E","T","E"],"character_chosen":"THE_SILENT","basemod:card_modifiers":[null,null,null,null,null,null,null,null,null,null,null,null,null,null,null,null,null,null,null],"items_purchased":["Footwork","Bouncing Flask"],"campfire_rested":0,"item_purchase_floors":[3,3],"current_hp_per_floor":[59,59,59,59,59,57,57,22,22,0],"gold":90,"neow_bonus":"THREE_ENEMY_KILL","is_prod":false,"is_daily":false,"rewards_skipped":[],"chose_seed":false,"campfire_upgraded":0,"win_rate":0,"floor_exit_playtime":[31,39,47,66,72,84,105,155,158],"timestamp":1744519092,"path_taken":["M","M","$","?","$","E","?","E","T","E"],"build_version":"2022-12-18","purchased_purges":0,"victory":false,"max_hp_per_floor":[66,66,66,66,66,66,66,66,66,66],"relic_stats":{"Happy Flower":[2],"counters":[6,17],"Tiny Chest":0,"Pen Nib":[2],"obtain_stats":[{"NeowsBlessing":0,"Happy Flower":8,"Tiny Chest":9,"Pen Nib":6,"Ring of the Snake":0},{"NeowsBlessing":0,"Happy Flower":5,"Tiny Chest":5,"Pen Nib":3,"Ring of the Snake":0},{"NeowsBlessing":0,"Happy Flower":9,"Tiny Chest":9,"Pen Nib":3,"Ring of the Snake":0}],"Ring of the Snake":[12]},"card_choices":[{"not_picked":["Skewer","Predator"],"picked":"Cloak And Dagger","floor":1},{"not_picked":["Predator","Dodge and Roll","Riddle With Holes"],"picked":"SKIP","floor":2},{"not_picked":["Blur","Dodge and Roll","Grand Finale"],"picked":"SKIP","floor":6},{"not_picked":["Sucker Punch","Quick Slash"],"picked":"Acrobatics","floor":7},{"not_picked":["Backstab","Calculated Gamble"],"picked":"Acrobatics","floor":8}],"player_experience":1018667,"relics_obtained":[{"floor":6,"key":"Pen Nib"},{"floor":8,"key":"Happy Flower"},{"floor":9,"key":"Tiny Chest"}],"event_choices":[{"damage_healed":0,"gold_gain":0,"player_choice":"1 cards matched","damage_taken":0,"max_hp_gain":0,"max_hp_loss":0,"event_name":"Match and Keep!","floor":4,"gold_loss":0,"cards_obtained":["Pain"]}],"is_beta":false,"boss_relics":[],"items_purged_floors":[],"is_endless":false,"potions_floor_spawned":[1,2],"killed_by":"Lagavulin","ascension_level":20,"potion_discard_per_floor":[[],[],[],[],[],[],[],[],[],[]]}