{"neow_bonuses_skipped_log":["TEN_PERCENT_HP_BONUS"],"potions_obtained_entropic_brew":[[],[],[],[],[],[],[],[],[],[],[],[]],"neow_costs_skipped_log":["NONE"],"gold_per_floor":[115,115,390,152,163,163,191,205,228,259,274,274],"floor_reached":12,"playtime":424,"items_purged":["Regret"],"score":226,"play_id":"4fe0dc60-2d60-46d8-8dc1-f6058c792541","local_time":"20250413104744","score_breakdown":["到達した階層 (12): 60","敵モンスター撃破数 (4): 8","エリート撃破：序章 (2): 20","ボス撃破 (0): 0","チャンピオン (1): 25","アセンション (20): 113"],"is_ascension_mode":true,"potions_obtained_alchemize":[[],[],[],[],[],[],[],[],[],[],[],[]],"campfire_choices":[{"data":"Calculated Gamble","floor":6,"key":"SMITH"}],"lesson_learned_per_floor":[[],[],[],[],[],[],[],[],[],[],[],[]],"neow_cost":"NONE","improvable_cards":{},"seed_source_timestamp":110295509653000,"shop_contents":[{"floor":2,"relics":["Bronze Scales","Letter Opener","TwistedFunnel"],"cards":["Riddle With Holes","Poisoned Stab","Prepared","Deflect","Noxious Fumes","PanicButton","HandOfGreed"],"potions":["LiquidBronze","Swift Potion","Explosive Potion"]},{"floor":4,"relics":["StrikeDummy","Cauldron"],"cards":["Sucker Punch","Dash","Outmaneuver","Catalyst","Envenom","Enlightenment","Panache"],"potions":["GamblersBrew","Block Potion","CultistPotion"]}],"circlet_count":0,"master_deck":["AscendersBane","Strike_G","Strike_G","Strike_G","Strike_G","Strike_G","Defend_G","Defend_G","Defend_G","Defend_G","Defend_G","Survivor","Neutralize","Calculated Gamble+1","Flying Knee","Blade Dance","Well Laid Plans","PiercingWail","Tactician"],"potion_use_per_floor":[[],[],[],[],[],[],[],[],[],["SneckoOil"],[],["PowerPotion"]],"relics":["Ring of the Snake","NeowsBlessing","Orichalcum","Akabeko","Dream Catcher","Eternal Feather"],"potions_floor_usage":[10,12],"damage_taken":[{"damage":0,"enemies":"Jaw Worm","floor":1,"turns":1},{"damage":0,"enemies":"Cultist","floor":5,"turns":1},{"damage":0,"enemies":"3 Sentries","floor":7,"turns":1},{"damage":4,"enemies":"Small Slimes","floor":8,"turns":4},{"damage":27,"enemies":"Gremlin Nob","floor":10,"turns":4},{"damage":6,"enemies":"Looter","floor":11,"turns":3},{"damage":22,"enemies":"Lagavulin","floor":12,"turns":7}],"seed_played":"-6687346167941239628","neow_bonus_log":{"cardsObtained":[],"cardsUpgraded":[],"cardsRemoved":[],"cardsTransformed":[],"relicsObtained":["NeowsBlessing"],"maxHpGained":0,"goldGained":0,"damageTaken":0,"goldLost":0,"maxHpLost":0},"potions_obtained":[{"floor":1,"key":"SneckoOil"},{"floor":8,"key":"PowerPotion"},{"floor":11,"key":"SneckoOil"}],"is_trial":false,"path_per_floor":["M","$","?","$","M","R","E","M","T","E","M","E"],"character_chosen":"THE_SILENT","basemod:card_modifiers":[null,null,null,null,null,null,null,null,null,null,null,null,null,null,null,null,null,null,null],"items_purchased":["Orichalcum"],"campfire_rested":0,"item_purchase_floors":[4],"current_hp_per_floor":[59,59,59,59,59,59,59,55,55,28,22,0],"gold":274,"neow_bonus":"THREE_ENEMY_KILL","is_prod":false,"is_daily":false,"rewards_skipped":[],"chose_seed":false,"campfire_upgraded":1,"win_rate":0,"floor_exit_playtime":[30,35,38,58,74,80,97,142,145,210,243],"timestamp":1744508864,"path_taken":["M","$","?","$","M","R","E","M","T","E","M","E"],"build_version":"2022-12-18","purchased_purges":1,"victory":false,"max_hp_per_floor":[66,66,66,66,66,66,66,66,66,66,66,66],"relic_stats":{"Dream Catcher":0,"counters":[7,21],"Eternal Feather":0,"Orichalcum":[60],"obtain_stats":[{"Dream Catcher":9,"NeowsBlessing":0,"Eternal Feather":10,"Orichalcum":4,"Akabeko":7,"Ring of the Snake":0},{"Dream Catcher":4,"NeowsBlessing":0,"Eternal Feather":5,"Orichalcum":1,"Akabeko":3,"Ring of the Snake":0},{"Dream Catcher":7,"NeowsBlessing":0,"Eternal Feather":11,"Orichalcum":1,"Akabeko":3,"Ring of the Snake":0}],"Ring of the Snake":[14]},"card_choices":[{"not_picked":["Dodge and Roll","Expertise"],"picked":"Calculated Gamble","floor":1},{"not_picked":["Dash","Prepared"],"picked":"Flying Knee","floor":5},{"not_picked":["Prepared","Finisher"],"picked":"Blade Dance","floor":7},{"not_picked":["Flying Knee","Dagger Spray"],"picked":"Well Laid Plans","floor":8},{"not_picked":["Slice","Burst"],"picked":"PiercingWail","floor":10},{"not_picked":["Reflex","PiercingWail"],"picked":"Tactician","floor":11}],"player_experience":1017339,"relics_obtained":[{"floor":7,"key":"Akabeko"},{"floor":9,"key":"Dream Catcher"},{"floor":10,"key":"Eternal Feather"}],"event_choices":[{"damage_healed":0,"gold_gain":275,"player_choice":"Desecrate","damage_taken":0,"max_hp_gain":0,"max_hp_loss":0,"event_name":"Golden Shrine","floor":3,"gold_loss":0,"cards_obtained":["Regret"]}],"is_beta":false,"boss_relics":[],"items_purged_floors":[4],"is_endless":false,"potions_floor_spawned":[1,8,11],"killed_by":"Lagavulin","ascension_level":20,"potion_discard_per_floor":[[],[],[],[],[],[],[],[],[],[],[],[]]}