{"neow_bonuses_skipped_log":["UPGRADE_CARD","ONE_RARE_RELIC","BOSS_RELIC"],"neow_costs_skipped_log":["NONE","NO_GOLD","NONE"],"potions_obtained_entropic_brew":[[],[],[],[],[],[],[],[],[],[],[],[],[],[],[],[],[],[],[],[],[]],"gold_per_floor":[117,92,17,67,87,87,127,147,201,240,261,283,283,324,324,412,412,430,453,286,286],"floor_reached":21,"playtime":1098,"items_purged":["Strike_G","Strike_G"],"score":448,"play_id":"7846d53f-fd27-469f-8c0e-4b3d1282d6d5","local_time":"20250429174758","score_breakdown":["到達した階層 (21): 105","敵モンスター撃破数 (7): 14","エリート撃破：序章 (3): 30","エリート撃破：シティ (0): 0","ボス撃破 (1): 50","チャンピオン (1): 25","アセンション (20): 224"],"is_ascension_mode":true,"potions_obtained_alchemize":[[],[],[],[],[],[],[],[],[],[],["CunningPotion"],[],[],[],[],["CultistPotion"],[],["Poison Potion"],["Block Potion"],[],["CultistPotion"]],"campfire_choices":[{"data":"Eviscerate","floor":6,"key":"SMITH"},{"data":"Acrobatics","floor":15,"key":"SMITH"}],"lesson_learned_per_floor":[[],[],[],[],[],[],[],[],[],[],[],[],[],[],[],[],[],[],[],[],[]],"neow_cost":"NONE","improvable_cards":{},"seed_source_timestamp":320722836813041,"shop_contents":[{"floor":2,"relics":["PreservedInsect","Happy Flower","HandDrill"],"cards":["Bane","All Out Attack","PiercingWail","A Thousand Cuts","Mind Blast","Master of Strategy"],"potions":["DuplicationPotion","SpeedPotion","Block Potion"]},{"floor":3,"relics":["Unceasing Top","Shuriken","Medical Kit"],"cards":["All Out Attack","Underhanded Strike","Blade Dance","Backflip","Noxious Fumes","Madness","Panache"],"potions":["ColorlessPotion","Explosive Potion","CunningPotion"]},{"floor":20,"relics":["Centennial Puzzle","Letter Opener","Frozen Eye"],"cards":["Glass Knife","Bane","PiercingWail","Cloak And Dagger","Deep Breath","HandOfGreed"],"potions":["Dexterity Potion","Fire Potion","ColorlessPotion"]}],"circlet_count":0,"master_deck":["AscendersBane","Defend_G","Defend_G","Defend_G","Defend_G","Defend_G","Survivor","Neutralize","Eviscerate+1","Acrobatics+1","Wraith Form v2","Dagger Throw","Venomology","PiercingWail","Prepared","Backstab","Wraith Form v2","Calculated Gamble","Well Laid Plans"],"potion_use_per_floor":[[],[],[],[],[],[],[],[],[],[],["CunningPotion","CunningPotion"],[],[],["LiquidBronze"],[],["Regen Potion","CultistPotion","SpeedPotion"],[],[],["DistilledChaos","Poison Potion"],[],["Block Potion"]],"relics":["Ring of the Snake","NeowsBlessing","CeramicFish","Ancient Tea Set","Akabeko","Nunchaku","Empty Cage"],"potions_floor_usage":[11,11,14,16,16,16,19,19,21],"damage_taken":[{"damage":0,"enemies":"Cultist","floor":1,"turns":1},{"damage":0,"enemies":"Jaw Worm","floor":5,"turns":1},{"damage":0,"enemies":"Lagavulin","floor":7,"turns":1},{"damage":0,"enemies":"Small Slimes","floor":8,"turns":3},{"damage":1,"enemies":"Gremlin Nob","floor":10,"turns":4},{"damage":8,"enemies":"Gremlin Gang","floor":11,"turns":6},{"damage":0,"enemies":"Blue Slaver","floor":12,"turns":1},{"damage":13,"enemies":"3 Sentries","floor":14,"turns":8},{"damage":50,"enemies":"The Guardian","floor":16,"turns":17},{"damage":26,"enemies":"Spheric Guardian","floor":18,"turns":6},{"damage":1,"enemies":"2 Thieves","floor":19,"turns":3},{"damage":31,"enemies":"Cultist and Chosen","floor":21,"turns":7}],"seed_played":"4921789774348115529","neow_bonus_log":{"cardsObtained":[],"cardsUpgraded":[],"cardsRemoved":[],"cardsTransformed":[],"relicsObtained":["NeowsBlessing"],"maxHpGained":0,"goldGained":0,"damageTaken":0,"goldLost":0,"maxHpLost":0},"potions_obtained":[{"floor":1,"key":"SpeedPotion"},{"floor":8,"key":"CunningPotion"},{"floor":11,"key":"LiquidBronze"},{"floor":14,"key":"Regen Potion"},{"floor":18,"key":"DistilledChaos"}],"is_trial":false,"path_per_floor":["M","$","$","?","M","R","E","M","T","E","M","M","?","E","R","B",null,"M","M","$","M"],"character_chosen":"THE_SILENT","basemod:card_modifiers":[null,null,null,null,null,null,null,null,null,null,null,null,null,null,null,null,null,null,null],"items_purchased":["Acrobatics","Well Laid Plans"],"campfire_rested":0,"item_purchase_floors":[2,20],"current_hp_per_floor":[59,59,59,59,59,59,59,59,59,58,50,50,50,37,37,2,50,24,23,23,0],"gold":286,"neow_bonus":"THREE_ENEMY_KILL","is_prod":false,"is_daily":false,"rewards_skipped":[],"chose_seed":false,"campfire_upgraded":2,"win_rate":0,"floor_exit_playtime":[43,56,113,117,126,136,149,202,211,270,412,423,428,552,563,787,821,910,969,985],"timestamp":1745916478,"path_taken":["M","?","$","?","M","R","E","?","T","E","M","M","?","E","R","BOSS","M","M","$","?"],"build_version":"2022-12-18","purchased_purges":2,"victory":false,"max_hp_per_floor":[66,66,66,66,66,66,66,66,66,66,66,66,66,66,66,66,66,66,66,66,66],"relic_stats":{"Nunchaku":[4],"counters":[12,58],"CeramicFish":81,"Ancient Tea Set":[2],"obtain_stats":[{"Nunchaku":14,"NeowsBlessing":0,"CeramicFish":7,"Ancient Tea Set":9,"Empty Cage":17,"Akabeko":10,"Ring of the Snake":0},{"Nunchaku":8,"NeowsBlessing":0,"CeramicFish":3,"Ancient Tea Set":4,"Empty Cage":9,"Akabeko":5,"Ring of the Snake":0},{"Nunchaku":25,"NeowsBlessing":0,"CeramicFish":3,"Ancient Tea Set":6,"Empty Cage":42,"Akabeko":10,"Ring of the Snake":0}],"Ring of the Snake":[24]},"card_choices":[{"not_picked":["Outmaneuver","Quick Slash"],"picked":"Eviscerate","floor":1},{"not_picked":["Sucker Punch","PiercingWail","Heel Hook"],"picked":"SKIP","floor":5},{"not_picked":["Dodge and Roll","Slice"],"picked":"Wraith Form v2","floor":7},{"not_picked":["Slice","Choke"],"picked":"Dagger Throw","floor":8},{"not_picked":["Cloak And Dagger","Setup"],"picked":"Venomology","floor":10},{"not_picked":["Accuracy","Backflip"],"picked":"PiercingWail","floor":11},{"not_picked":["Flechettes","Blade Dance"],"picked":"Prepared","floor":12},{"not_picked":["Backflip","Crippling Poison"],"picked":"Backstab","floor":14},{"not_picked":["Bullet Time","Doppelganger"],"picked":"Wraith Form v2","floor":16},{"not_picked":["Deflect","Poisoned Stab","Finisher"],"picked":"SKIP","floor":18},{"not_picked":["Bane","Flying Knee"],"picked":"Calculated Gamble","floor":19}],"player_experience":1057255,"relics_obtained":[{"floor":7,"key":"CeramicFish"},{"floor":9,"key":"Ancient Tea Set"},{"floor":10,"key":"Akabeko"},{"floor":14,"key":"Nunchaku"}],"event_choices":[{"damage_healed":0,"gold_gain":50,"player_choice":"Pray","damage_taken":0,"max_hp_gain":0,"max_hp_loss":0,"event_name":"Golden Shrine","floor":4,"gold_loss":0},{"cards_removed":["Strike_G"],"damage_healed":0,"gold_gain":0,"player_choice":"Purged","damage_taken":0,"max_hp_gain":0,"max_hp_loss":0,"event_name":"Purifier","floor":13,"gold_loss":0}],"is_beta":false,"boss_relics":[{"not_picked":["Ring of the Serpent","Black Star"],"picked":"Empty Cage"}],"items_purged_floors":[3,20],"is_endless":false,"potions_floor_spawned":[1,8,11,14,18],"killed_by":"Cultist and Chosen","ascension_level":20,"potion_discard_per_floor":[[],[],[],[],[],[],[],[],[],[],[],[],[],[],[],[],[],[],[],[],[]]}