{"neow_bonuses_skipped_log":["REMOVE_CARD","TWENTY_PERCENT_HP_BONUS","BOSS_RELIC"],"potions_obtained_entropic_brew":[[],[],[],[],[],[],[],[],[],[],[]],"neow_costs_skipped_log":["NONE","CURSE","NONE"],"gold_per_floor":[212,224,18,18,37,37,63,63,87,87,87],"floor_reached":11,"playtime":425,"items_purged":["Strike_G"],"score":142,"play_id":"99224942-a86f-408c-b363-d49e3f388b25","local_time":"20250420214845","score_breakdown":["到達した階層 (11): 55","敵モンスター撃破数 (3): 6","エリート撃破：序章 (1): 10","ボス撃破 (0): 0","アセンション (20): 71"],"is_ascension_mode":true,"potions_obtained_alchemize":[[],[],[],[],[],[],[],[],[],[],[]],"campfire_choices":[{"data":"Acrobatics","floor":6,"key":"SMITH"},{"data":"Concentrate","floor":8,"key":"SMITH"},{"data":"Reflex","floor":10,"key":"SMITH"}],"lesson_learned_per_floor":[[],[],[],[],[],[],[],[],[],[],[]],"neow_cost":"NONE","improvable_cards":{},"seed_source_timestamp":0,"shop_contents":[{"floor":3,"relics":["CaptainsWheel","White Beast Statue","Lee\u0027s Waffle"],"cards":["Slice","Escape Plan","Caltrops","Finesse","Metamorphosis"],"potions":["ColorlessPotion","Poison Potion","Fruit Juice"]}],"circlet_count":0,"master_deck":["AscendersBane","Strike_G","Strike_G","Strike_G","Strike_G","Defend_G","Defend_G","Defend_G","Defend_G","Defend_G","Survivor","Neutralize","Acrobatics+1","Blade Dance","Underhanded Strike","Reflex+1","Concentrate+1"],"special_seed":0,"potion_use_per_floor":[[],[],[],[],[],[],["Block Potion"],[],[],[],[]],"relics":["Ring of the Snake","Toy Ornithopter","Darkstone Periapt"],"potions_floor_usage":[7],"damage_taken":[{"damage":4,"enemies":"Small Slimes","floor":1,"turns":5},{"damage":3,"enemies":"2 Louse","floor":2,"turns":3},{"damage":0,"enemies":"Cultist","floor":5,"turns":3},{"damage":15,"enemies":"3 Sentries","floor":7,"turns":13},{"damage":37,"enemies":"Lagavulin","floor":11,"turns":6}],"seed_played":"-8223476526054462080","neow_bonus_log":{"cardsObtained":[],"cardsUpgraded":[],"cardsRemoved":[],"cardsTransformed":[],"relicsObtained":[],"maxHpGained":0,"goldGained":100,"damageTaken":0,"goldLost":0,"maxHpLost":0},"potions_obtained":[{"floor":5,"key":"Block Potion"}],"is_trial":false,"path_per_floor":["M","M","$","?","M","R","E","R","T","R","E"],"character_chosen":"THE_SILENT","basemod:card_modifiers":[null,null,null,null,null,null,null,null,null,null,null,null,null,null,null,null,null],"items_purchased":["Underhanded Strike","Reflex"],"campfire_rested":0,"item_purchase_floors":[3,3],"current_hp_per_floor":[55,52,52,47,47,47,37,37,37,37,0],"gold":87,"neow_bonus":"HUNDRED_GOLD","is_prod":false,"is_daily":false,"rewards_skipped":[],"chose_seed":false,"campfire_upgraded":3,"win_rate":0,"floor_exit_playtime":[66,94,113,117,155,166,309,317,329,344],"timestamp":1745153325,"blue_key_relic_skipped_log":{"floor":9,"relicID":"Snake Skull"},"path_taken":["M","M","$","?","M","R","E","R","T","R","E"],"build_version":"2022-12-18","purchased_purges":1,"victory":false,"max_hp_per_floor":[66,66,66,66,66,66,66,66,66,66,66],"relic_stats":{"Darkstone Periapt":0,"counters":[5,30],"obtain_stats":[{"Darkstone Periapt":7,"Toy Ornithopter":4,"Ring of the Snake":0},{"Darkstone Periapt":4,"Toy Ornithopter":2,"Ring of the Snake":0},{"Darkstone Periapt":24,"Toy Ornithopter":8,"Ring of the Snake":0}],"Toy Ornithopter":5,"Ring of the Snake":[10]},"card_choices":[{"not_picked":["Quick Slash","Cloak And Dagger"],"picked":"Acrobatics","floor":1},{"not_picked":["Crippling Poison","Deadly Poison"],"picked":"Blade Dance","floor":2},{"not_picked":["Blade Dance","Infinite Blades"],"picked":"Concentrate","floor":5},{"not_picked":["Prepared","Predator","Accuracy"],"picked":"SKIP","floor":7}],"player_experience":1039389,"relics_obtained":[{"floor":7,"key":"Darkstone Periapt"}],"event_choices":[{"damage_healed":0,"gold_gain":0,"player_choice":"Success","damage_taken":5,"relics_obtained":["Toy Ornithopter"],"max_hp_gain":0,"max_hp_loss":0,"event_name":"Scrap Ooze","floor":4,"gold_loss":0}],"is_beta":false,"boss_relics":[],"items_purged_floors":[3],"is_endless":false,"potions_floor_spawned":[5],"killed_by":"Lagavulin","ascension_level":20,"potion_discard_per_floor":[[],[],[],[],[],[],[],[],[],[],[]]}