{"neow_bonuses_skipped_log":["THREE_ENEMY_KILL","TRANSFORM_TWO_CARDS","BOSS_RELIC"],"potions_obtained_entropic_brew":[[],[],[],[],[],[],[],[],[],[],[],[],[],[],[],[],[],[],[],[],[],[]],"neow_costs_skipped_log":["NONE","NO_GOLD","NONE"],"gold_per_floor":[114,133,58,77,97,97,127,127,182,198,227,240,274,290,290,365,365,378,378,226,245,245],"floor_reached":22,"playtime":1224,"items_purged":["Strike_G"],"score":416,"play_id":"389e30b9-d407-4814-94f6-f5172f42b6b6","local_time":"20250429162723","score_breakdown":["到達した階層 (22): 110","敵モンスター撃破数 (9): 18","エリート撃破：序章 (3): 30","エリート撃破：シティ (0): 0","ボス撃破 (1): 50","アセンション (20): 208"],"is_ascension_mode":true,"potions_obtained_alchemize":[["Weak Potion"],["ColorlessPotion"],[],["DistilledChaos"],["FearPotion"],[],["SteroidPotion"],[],[],["BlessingOfTheForge"],["CunningPotion"],["Dexterity Potion"],["LiquidBronze"],["BlessingOfTheForge"],[],["CunningPotion"],[],["Poison Potion"],[],[],["CunningPotion"],["ColorlessPotion"]],"campfire_choices":[{"data":"Venomology","floor":6,"key":"SMITH"},{"data":"Calculated Gamble","floor":8,"key":"SMITH"},{"data":"Footwork","floor":15,"key":"SMITH"}],"lesson_learned_per_floor":[[],[],[],[],[],[],[],[],[],[],[],[],[],[],[],[],[],[],[],[],[],[]],"neow_cost":"NONE","improvable_cards":{},"seed_source_timestamp":315761621129458,"shop_contents":[{"floor":20,"relics":["Snake Skull","Potion Belt","Strange Spoon"],"cards":["Flechettes","Heel Hook","Distraction","Well Laid Plans","Forethought","HandOfGreed"],"potions":["Fire Potion","Swift Potion","DuplicationPotion"]}],"circlet_count":0,"master_deck":["AscendersBane","Strike_G","Strike_G","Defend_G","Defend_G","Defend_G","Defend_G","Defend_G","Survivor","Neutralize","Venomology+1","All Out Attack","Blade Dance","Calculated Gamble+1","Terror","Footwork+1","Die Die Die","Eviscerate","Acrobatics","After Image","Reflex","Tactician"],"potion_use_per_floor":[[],["Regen Potion"],[],["Weak Potion"],["DistilledChaos"],[],["AttackPotion","Block Potion"],[],[],["SteroidPotion"],[],["CunningPotion"],["BlessingOfTheForge"],["SteroidPotion"],[],["BlessingOfTheForge","CunningPotion","Dexterity Potion"],[],[],[],[],["SteroidPotion"],["CunningPotion","ColorlessPotion","AttackPotion"]],"relics":["Ring of the Snake","Question Card","Centennial Puzzle","Regal Pillow","Darkstone Periapt","HoveringKite"],"potions_floor_usage":[2,4,5,7,7,10,12,13,14,16,16,16,21,22,22,22],"damage_taken":[{"damage":6,"enemies":"Cultist","floor":1,"turns":5},{"damage":9,"enemies":"2 Louse","floor":2,"turns":7},{"damage":0,"enemies":"Small Slimes","floor":4,"turns":3},{"damage":0,"enemies":"Gremlin Gang","floor":5,"turns":4},{"damage":10,"enemies":"Lagavulin","floor":7,"turns":7},{"damage":0,"enemies":"2 Fungi Beasts","floor":10,"turns":3},{"damage":22,"enemies":"3 Sentries","floor":11,"turns":6},{"damage":0,"enemies":"Looter","floor":12,"turns":2},{"damage":1,"enemies":"Gremlin Nob","floor":13,"turns":3},{"damage":11,"enemies":"Gremlin Gang","floor":14,"turns":3},{"damage":14,"enemies":"Slime Boss","floor":16,"turns":9},{"damage":16,"enemies":"Shell Parasite","floor":18,"turns":7},{"damage":8,"enemies":"2 Thieves","floor":21,"turns":2},{"damage":40,"enemies":"Chosen and Byrds","floor":22,"turns":3}],"seed_played":"-4946547401837718513","neow_bonus_log":{"cardsObtained":["Venomology"],"cardsUpgraded":[],"cardsRemoved":[],"cardsTransformed":[],"relicsObtained":[],"maxHpGained":0,"goldGained":0,"damageTaken":0,"goldLost":0,"maxHpLost":0},"potions_obtained":[{"floor":1,"key":"Regen Potion"},{"floor":4,"key":"AttackPotion"},{"floor":5,"key":"Block Potion"},{"floor":13,"key":"SteroidPotion"},{"floor":18,"key":"SteroidPotion"},{"floor":21,"key":"AttackPotion"}],"is_trial":false,"path_per_floor":["M","M","?","M","M","R","E","R","T","M","E","M","E","M","R","B",null,"M","?","$","M","M"],"character_chosen":"THE_SILENT","basemod:card_modifiers":[null,null,null,null,null,null,null,null,null,null,null,null,null,null,null,null,null,null,null,null,null,null],"items_purchased":["Tactician"],"campfire_rested":0,"item_purchase_floors":[20],"current_hp_per_floor":[53,59,59,59,59,59,49,49,49,49,27,27,26,15,15,1,50,34,34,34,26,0],"gold":245,"neow_bonus":"ONE_RANDOM_RARE_CARD","is_prod":false,"is_daily":false,"rewards_skipped":[{"floor":14,"relics":[],"potions":["SpeedPotion"]}],"chose_seed":false,"campfire_upgraded":3,"win_rate":0,"floor_exit_playtime":[70,119,126,173,250,267,352,360,363,408,491,533,589,656,684,829,882,1016,1024,1061,1118],"timestamp":1745911643,"path_taken":["M","?","?","M","M","R","E","R","T","M","E","M","E","M","R","BOSS","M","?","?","M","M"],"build_version":"2022-12-18","purchased_purges":1,"victory":false,"max_hp_per_floor":[66,66,66,66,66,66,66,66,66,66,66,66,66,66,66,66,66,66,66,66,66,66],"relic_stats":{"Darkstone Periapt":0,"Centennial Puzzle":[21],"Regal Pillow":0,"counters":[14,64],"HoveringKite":[11],"Question Card":8,"obtain_stats":[{"Darkstone Periapt":13,"Centennial Puzzle":9,"Regal Pillow":11,"HoveringKite":17,"Question Card":7,"Ring of the Snake":0},{"Darkstone Periapt":9,"Centennial Puzzle":5,"Regal Pillow":7,"HoveringKite":11,"Question Card":5,"Ring of the Snake":0},{"Darkstone Periapt":40,"Centennial Puzzle":26,"Regal Pillow":35,"HoveringKite":52,"Question Card":26,"Ring of the Snake":0}],"Ring of the Snake":[28]},"card_choices":[{"not_picked":["Riddle With Holes","Catalyst"],"picked":"All Out Attack","floor":1},{"not_picked":["Dodge and Roll","Poisoned Stab"],"picked":"Blade Dance","floor":2},{"not_picked":["Quick Slash","Acrobatics"],"picked":"Calculated Gamble","floor":4},{"not_picked":["Deadly Poison","All Out Attack"],"picked":"Terror","floor":5},{"not_picked":["Noxious Fumes","Bouncing Flask"],"picked":"Footwork","floor":7},{"not_picked":["Deflect","Dagger Spray","Bane"],"picked":"Die Die Die","floor":10},{"not_picked":["Cloak And Dagger","Blade Dance","Distraction"],"picked":"Eviscerate","floor":11},{"not_picked":["Outmaneuver","Accuracy","Expertise","Terror"],"picked":"SKIP","floor":12},{"not_picked":["Noxious Fumes","Outmaneuver","Flying Knee","Blur"],"picked":"SKIP","floor":13},{"not_picked":["PiercingWail","Blur","Underhanded Strike"],"picked":"Acrobatics","floor":14},{"not_picked":["Bullet Time","Storm of Steel","A Thousand Cuts"],"picked":"After Image","floor":16},{"not_picked":["Backflip","Acrobatics+1","Finisher"],"picked":"Reflex","floor":18},{"not_picked":["Sucker Punch","Deflect","Flying Knee","Accuracy"],"picked":"SKIP","floor":21}],"player_experience":1056031,"relics_obtained":[{"floor":7,"key":"Question Card"},{"floor":9,"key":"Centennial Puzzle"},{"floor":11,"key":"Regal Pillow"},{"floor":13,"key":"Darkstone Periapt"}],"event_choices":[{"cards_removed":["Strike_G"],"damage_healed":0,"gold_gain":0,"player_choice":"Card Removal","damage_taken":0,"max_hp_gain":0,"max_hp_loss":0,"event_name":"The Cleric","floor":3,"gold_loss":75},{"cards_removed":["Strike_G"],"damage_healed":0,"gold_gain":0,"player_choice":"Purged","damage_taken":0,"max_hp_gain":0,"max_hp_loss":0,"event_name":"Purifier","floor":19,"gold_loss":0}],"is_beta":false,"boss_relics":[{"not_picked":["Astrolabe","Sozu"],"picked":"HoveringKite"}],"items_purged_floors":[20],"is_endless":false,"potions_floor_spawned":[1,4,5,13,14,18,21],"killed_by":"Chosen and Byrds","ascension_level":20,"potion_discard_per_floor":[[],[],[],["ColorlessPotion"],["FearPotion"],[],[],[],[],[],[],[],["LiquidBronze"],[],[],[],[],[],[],[],["Poison Potion"],[]]}