{"neow_bonuses_skipped_log":["TEN_PERCENT_HP_BONUS"],"potions_obtained_entropic_brew":[[],[],[],[],[],[],[],[],[],[],[],[],[],[],[],[],[],[],[],[],[],[],[],[],["LiquidBronze"],[],["SteroidPotion","BlessingOfTheForge"]],"neow_costs_skipped_log":["NONE"],"gold_per_floor":[116,131,151,151,163,163,188,188,214,214,248,261,21,32,32,109,109,128,43,60,60,77,77,90,100,182,182],"floor_reached":27,"playtime":1319,"items_purged":["Strike_G"],"score":454,"play_id":"7d025da2-3218-4f26-9430-3cf9b98544fd","local_time":"20250429104825","score_breakdown":["到達した階層 (27): 135","敵モンスター撃破数 (11): 22","エリート撃破：序章 (2): 20","エリート撃破：シティ (0): 0","ボス撃破 (1): 50","アセンション (20): 227"],"is_ascension_mode":true,"potions_obtained_alchemize":[[],[],[],[],[],[],[],[],[],[],[],[],[],[],[],[],[],["LiquidBronze"],[],["EntropicBrew"],[],["CunningPotion"],[],["BlessingOfTheForge"],[],[],["Explosive Potion"]],"campfire_choices":[{"data":"Masterful Stab","floor":6,"key":"SMITH"},{"data":"Envenom","floor":10,"key":"SMITH"},{"data":"Bouncing Flask","floor":15,"key":"SMITH"},{"data":"Tactician","floor":23,"key":"SMITH"}],"lesson_learned_per_floor":[[],[],[],[],[],[],[],[],[],[],[],[],[],[],[],[],[],[],[],[],[],[],[],[],[],[],[]],"neow_cost":"NONE","improvable_cards":{},"seed_source_timestamp":304406817283208,"shop_contents":[{"floor":13,"relics":["Unceasing Top","Whetstone","Chemical X"],"cards":["Eviscerate","Predator","Escape Plan","Purity","The Bomb"],"potions":["DuplicationPotion","LiquidBronze","Fire Potion"]}],"circlet_count":0,"master_deck":["AscendersBane","Strike_G+1","Defend_G","Defend_G","Defend_G","Defend_G","Defend_G+1","Survivor","Neutralize","Masterful Stab+1","Leg Sweep","Prepared","Envenom+1","Bouncing Flask+1","Tactician+1","Catalyst","Well Laid Plans","Acrobatics","Venomology","Heel Hook+1","Bane+1","A Thousand Cuts+1","Noxious Fumes","Backflip","Footwork","Calculated Gamble"],"potion_use_per_floor":[[],[],[],[],[],[],["Poison Potion","DistilledChaos"],[],[],[],[],["DistilledChaos"],[],[],[],["FairyPotion"],[],[],[],["EssenceOfSteel"],[],["Block Potion","CunningPotion"],[],[],["EntropicBrew","LiquidBronze"],[],["Explosive Potion","EntropicBrew","BlessingOfTheForge","Explosive Potion"]],"relics":["Ring of the Snake","NeowsBlessing","Oddly Smooth Stone","Snake Skull","Strawberry","Astrolabe","Gremlin Horn","InkBottle"],"potions_floor_usage":[7,7,12,20,22,22,25,25,27,27,27,27],"damage_taken":[{"damage":0,"enemies":"Cultist","floor":1,"turns":1},{"damage":0,"enemies":"2 Louse","floor":2,"turns":1},{"damage":0,"enemies":"Small Slimes","floor":3,"turns":2},{"damage":6,"enemies":"3 Louse","floor":5,"turns":4},{"damage":8,"enemies":"Gremlin Nob","floor":7,"turns":3},{"damage":13,"enemies":"3 Sentries","floor":11,"turns":12},{"damage":22,"enemies":"Exordium Thugs","floor":12,"turns":9},{"damage":0,"enemies":"Large Slime","floor":14,"turns":6},{"damage":36,"enemies":"The Guardian","floor":16,"turns":7},{"damage":24,"enemies":"3 Byrds","floor":18,"turns":5},{"damage":0,"enemies":"Chosen","floor":20,"turns":3},{"damage":0,"enemies":"Centurion and Healer","floor":22,"turns":5},{"damage":6,"enemies":"Chosen and Byrds","floor":24,"turns":5},{"damage":23,"enemies":"Sentry and Sphere","floor":25,"turns":6},{"damage":14,"enemies":"Slavers","floor":27,"turns":3}],"seed_played":"3784133325524744905","neow_bonus_log":{"cardsObtained":[],"cardsUpgraded":[],"cardsRemoved":[],"cardsTransformed":[],"relicsObtained":["NeowsBlessing"],"maxHpGained":0,"goldGained":0,"damageTaken":0,"goldLost":0,"maxHpLost":0},"potions_obtained":[{"floor":1,"key":"Poison Potion"},{"floor":3,"key":"DistilledChaos"},{"floor":11,"key":"DistilledChaos"},{"floor":12,"key":"FairyPotion"},{"floor":14,"key":"Block Potion"},{"floor":18,"key":"EssenceOfSteel"},{"floor":24,"key":"EntropicBrew"},{"floor":25,"key":"Explosive Potion"}],"is_trial":false,"path_per_floor":["M","M","M","?","M","R","E","?","T","R","E","M","$","M","R","B",null,"M","?","M","?","M","R","M","M","T","E"],"character_chosen":"THE_SILENT","basemod:card_modifiers":[null,null,null,null,null,null,null,null,null,null,null,null,null,null,null,null,null,null,null,null,null,null,null,null,null,null],"items_purchased":["Catalyst","Well Laid Plans"],"campfire_rested":0,"item_purchase_floors":[13,13],"current_hp_per_floor":[59,59,59,39,33,33,25,47,47,47,41,19,19,19,19,21,60,36,36,36,36,36,36,30,7,7,0],"gold":182,"neow_bonus":"THREE_ENEMY_KILL","is_prod":false,"is_daily":false,"rewards_skipped":[],"chose_seed":false,"campfire_upgraded":4,"win_rate":0,"floor_exit_playtime":[47,56,81,104,147,153,200,204,209,217,344,483,500,570,581,682,738,843,848,901,904,997,1009,1112,1239,1243],"timestamp":1745891305,"path_taken":["M","M","M","?","M","R","E","?","T","R","E","M","$","M","R","BOSS","M","?","M","?","?","R","M","M","T","E"],"build_version":"2022-12-18","purchased_purges":1,"victory":false,"max_hp_per_floor":[66,66,66,66,66,66,66,66,66,66,73,73,73,73,73,73,73,73,73,73,73,73,73,73,73,73,73],"relic_stats":{"Gremlin Horn":[3,3],"counters":[15,72],"Astrolabe":["Heel Hook","Bane","A Thousand Cuts"],"Snake Skull":[88],"obtain_stats":[{"NeowsBlessing":0,"Gremlin Horn":19,"Strawberry":11,"Astrolabe":17,"Oddly Smooth Stone":7,"Snake Skull":9,"InkBottle":26,"Ring of the Snake":0},{"NeowsBlessing":0,"Gremlin Horn":10,"Strawberry":6,"Astrolabe":9,"Oddly Smooth Stone":5,"Snake Skull":5,"InkBottle":14,"Ring of the Snake":0},{"NeowsBlessing":0,"Gremlin Horn":50,"Strawberry":23,"Astrolabe":45,"Oddly Smooth Stone":11,"Snake Skull":11,"InkBottle":69,"Ring of the Snake":0}],"InkBottle":[1],"Ring of the Snake":[30]},"card_choices":[{"not_picked":["Deflect","Dodge and Roll"],"picked":"Masterful Stab","floor":1},{"not_picked":["Deflect","Slice"],"picked":"Leg Sweep","floor":2},{"not_picked":["Distraction","Deadly Poison"],"picked":"Prepared","floor":3},{"not_picked":["Flying Knee","Dagger Spray","Bane"],"picked":"SKIP","floor":5},{"not_picked":["Prepared","Leg Sweep"],"picked":"Envenom","floor":7},{"not_picked":["Die Die Die","Bane"],"picked":"Bouncing Flask","floor":11},{"not_picked":["Backflip","Calculated Gamble"],"picked":"Tactician","floor":12},{"not_picked":["Choke","Dagger Spray"],"picked":"Acrobatics","floor":14},{"not_picked":["Unload","Tools of the Trade"],"picked":"Venomology","floor":16},{"not_picked":["Flying Knee","Underhanded Strike+1"],"picked":"Noxious Fumes","floor":18},{"not_picked":["Dagger Throw","Dagger Spray"],"picked":"Backflip","floor":20},{"not_picked":["Riddle With Holes","Cloak And Dagger","Deflect"],"picked":"SKIP","floor":22},{"not_picked":["Riddle With Holes","Cloak And Dagger","Deflect"],"picked":"SKIP","floor":22},{"not_picked":["Quick Slash","Outmaneuver"],"picked":"Footwork","floor":24},{"not_picked":["Sucker Punch","Storm of Steel"],"picked":"Calculated Gamble","floor":25}],"player_experience":1054712,"relics_obtained":[{"floor":7,"key":"Oddly Smooth Stone"},{"floor":9,"key":"Snake Skull"},{"floor":11,"key":"Strawberry"},{"floor":26,"key":"InkBottle"}],"event_choices":[{"damage_healed":0,"gold_gain":0,"player_choice":"Entered Light","damage_taken":20,"max_hp_gain":0,"max_hp_loss":0,"event_name":"Shining Light","floor":4,"gold_loss":0,"cards_upgraded":["Strike_G","Defend_G"]},{"damage_healed":22,"gold_gain":0,"player_choice":"Banana","damage_taken":0,"max_hp_gain":0,"max_hp_loss":0,"event_name":"Big Fish","floor":8,"gold_loss":0},{"damage_healed":0,"gold_gain":0,"player_choice":"Obtained Relic","damage_taken":0,"relics_obtained":["Gremlin Horn"],"max_hp_gain":0,"max_hp_loss":0,"event_name":"Addict","floor":19,"gold_loss":85},{"damage_healed":0,"gold_gain":0,"player_choice":"Ignored","damage_taken":0,"max_hp_gain":0,"max_hp_loss":0,"event_name":"The Mausoleum","floor":21,"gold_loss":0}],"is_beta":false,"boss_relics":[{"not_picked":["Sozu","Runic Dome"],"picked":"Astrolabe"}],"items_purged_floors":[13],"is_endless":false,"potions_floor_spawned":[1,3,11,12,14,18,24,25],"killed_by":"Slavers","ascension_level":20,"potion_discard_per_floor":[[],[],[],[],[],[],[],[],[],[],[],[],[],[],[],[],[],["LiquidBronze"],[],[],[],[],[],["BlessingOfTheForge"],[],[],[]]}