{"neow_bonuses_skipped_log":["TEN_PERCENT_HP_BONUS"],"potions_obtained_entropic_brew":[[],[],[],[],[],[],[],[],[],[],[],[],[],[],[],[]],"neow_costs_skipped_log":["NONE"],"gold_per_floor":[118,118,118,118,43,69,69,81,107,141,141,154,165,180,180,180],"floor_reached":16,"playtime":418,"items_purged":[],"score":270,"play_id":"cbd94346-c491-4db3-a915-910a163da2c3","local_time":"20250420215848","score_breakdown":["到達した階層 (16): 80","敵モンスター撃破数 (5): 10","エリート撃破：序章 (2): 20","ボス撃破 (0): 0","チャンピオン (1): 25","アセンション (20): 135"],"is_ascension_mode":true,"potions_obtained_alchemize":[[],[],[],[],[],[],[],[],[],[],[],[],[],[],[],[]],"campfire_choices":[{"data":"After Image","floor":7,"key":"SMITH"},{"data":"Neutralize","floor":11,"key":"SMITH"},{"data":"Deadly Poison","floor":15,"key":"SMITH"}],"lesson_learned_per_floor":[[],[],[],[],[],[],[],[],[],[],[],[],[],[],[],[]],"neow_cost":"NONE","improvable_cards":{},"seed_source_timestamp":38419202645708,"shop_contents":[],"circlet_count":0,"master_deck":["AscendersBane","Strike_G","Strike_G","Strike_G","Defend_G","Defend_G","Defend_G","Defend_G","Defend_G","Survivor","Neutralize+1","Dagger Throw","After Image+1","Poisoned Stab","Reflex","Deadly Poison+1"],"potion_use_per_floor":[[],[],[],[],[],[],[],[],[],["EssenceOfSteel"],[],[],[],[],[],["Swift Potion","SpeedPotion"]],"relics":["Ring of the Snake","NeowsBlessing","Oddly Smooth Stone","Mummified Hand","Potion Belt","Anchor","Boot"],"potions_floor_usage":[10,16,16],"damage_taken":[{"damage":0,"enemies":"Cultist","floor":1,"turns":1},{"damage":0,"enemies":"3 Sentries","floor":6,"turns":2},{"damage":0,"enemies":"Small Slimes","floor":8,"turns":2},{"damage":27,"enemies":"Gremlin Nob","floor":10,"turns":5},{"damage":2,"enemies":"Jaw Worm","floor":12,"turns":4},{"damage":3,"enemies":"Large Slime","floor":13,"turns":7},{"damage":0,"enemies":"3 Louse","floor":14,"turns":4},{"damage":11,"enemies":"Hexaghost","floor":16,"turns":11}],"seed_played":"2437968861967454671","neow_bonus_log":{"cardsObtained":[],"cardsUpgraded":[],"cardsRemoved":[],"cardsTransformed":[],"relicsObtained":["NeowsBlessing"],"maxHpGained":0,"goldGained":0,"damageTaken":0,"goldLost":0,"maxHpLost":0},"potions_obtained":[{"floor":1,"key":"EssenceOfSteel"},{"floor":6,"key":"SpeedPotion"},{"floor":13,"key":"Swift Potion"}],"is_trial":false,"path_per_floor":["M","?","?","T","?","E","R","M","T","E","R","M","M","M","R","B"],"character_chosen":"THE_SILENT","basemod:card_modifiers":[null,null,null,null,null,null,null,null,null,null,null,null,null,null,null,null],"items_purchased":[],"campfire_rested":0,"item_purchase_floors":[],"current_hp_per_floor":[59,52,41,41,41,41,41,41,41,14,14,12,9,9,9,0],"gold":180,"neow_bonus":"THREE_ENEMY_KILL","is_prod":false,"is_daily":false,"rewards_skipped":[],"chose_seed":false,"campfire_upgraded":3,"win_rate":0,"floor_exit_playtime":[20,26,29,34,41,55,64,93,102,155,166,203,267,308,318],"timestamp":1745153928,"path_taken":["M","?","?","?","?","E","R","M","T","E","R","M","M","M","R","BOSS"],"build_version":"2022-12-18","purchased_purges":0,"victory":false,"max_hp_per_floor":[66,66,66,66,66,66,66,66,66,66,66,66,66,66,66,66],"relic_stats":{"counters":[8,36],"Mummified Hand":[6],"Boot":[16],"obtain_stats":[{"Potion Belt":6,"Anchor":9,"NeowsBlessing":0,"Mummified Hand":4,"Oddly Smooth Stone":3,"Boot":10,"Ring of the Snake":0},{"Potion Belt":2,"Anchor":3,"NeowsBlessing":0,"Mummified Hand":1,"Oddly Smooth Stone":1,"Boot":4,"Ring of the Snake":0},{"Potion Belt":3,"Anchor":5,"NeowsBlessing":0,"Mummified Hand":1,"Oddly Smooth Stone":1,"Boot":10,"Ring of the Snake":0}],"Ring of the Snake":[16]},"card_choices":[{"not_picked":["Finisher","Leg Sweep"],"picked":"Dagger Throw","floor":1},{"not_picked":["Underhanded Strike","Caltrops"],"picked":"After Image","floor":6},{"not_picked":["Sucker Punch","Deflect"],"picked":"Poisoned Stab","floor":8},{"not_picked":["Dagger Spray","Sucker Punch","Masterful Stab"],"picked":"SKIP","floor":10},{"not_picked":["Dodge and Roll","Slice","Flechettes"],"picked":"SKIP","floor":12},{"not_picked":["Outmaneuver","All Out Attack"],"picked":"Reflex","floor":13},{"not_picked":["Cloak And Dagger","Well Laid Plans"],"picked":"Deadly Poison","floor":14}],"player_experience":1039981,"relics_obtained":[{"floor":4,"key":"Mummified Hand"},{"floor":6,"key":"Potion Belt"},{"floor":9,"key":"Anchor"},{"floor":10,"key":"Boot"}],"event_choices":[{"cards_removed":["Strike_G"],"damage_healed":0,"gold_gain":0,"player_choice":"Card Removal","damage_taken":7,"max_hp_gain":0,"max_hp_loss":0,"event_name":"Golden Wing","floor":2,"gold_loss":0},{"damage_healed":0,"gold_gain":0,"player_choice":"Success","damage_taken":11,"relics_obtained":["Oddly Smooth Stone"],"max_hp_gain":0,"max_hp_loss":0,"event_name":"Scrap Ooze","floor":3,"gold_loss":0},{"cards_removed":["Strike_G"],"damage_healed":0,"gold_gain":0,"player_choice":"Card Removal","damage_taken":0,"max_hp_gain":0,"max_hp_loss":0,"event_name":"The Cleric","floor":5,"gold_loss":75}],"is_beta":false,"boss_relics":[],"items_purged_floors":[],"is_endless":false,"potions_floor_spawned":[1,6,13],"killed_by":"Hexaghost","ascension_level":20,"potion_discard_per_floor":[[],[],[],[],[],[],[],[],[],[],[],[],[],[],[],[]]}