{"neow_bonuses_skipped_log":["TEN_PERCENT_HP_BONUS"],"potions_obtained_entropic_brew":[[],[],[],[],[],[],[],[],[],[],[],[],[],[],[],[]],"neow_costs_skipped_log":["NONE"],"gold_per_floor":[114,114,130,130,149,149,224,258,258,282,282,306,306,328,328,328],"floor_reached":16,"playtime":395,"items_purged":[],"score":224,"play_id":"06a12ece-be4c-468f-a0fe-bd670c80b52c","local_time":"20250506120917","score_breakdown":["到達した階層 (16): 80","敵モンスター撃破数 (6): 12","エリート撃破：序章 (2): 20","ボス撃破 (0): 0","アセンション (20): 112"],"is_ascension_mode":true,"potions_obtained_alchemize":[[],[],[],[],[],[],[],[],[],[],[],[],[],[],[],[]],"campfire_choices":[{"data":"Tactician","floor":6,"key":"SMITH"},{"data":"Noxious Fumes","floor":11,"key":"SMITH"},{"floor":15,"key":"REST"}],"lesson_learned_per_floor":[[],[],[],[],[],[],[],[],[],[],[],[],[],[],[],[]],"neow_cost":"NONE","improvable_cards":{},"seed_source_timestamp":654243032319500,"shop_contents":[],"circlet_count":0,"master_deck":["AscendersBane","Strike_G","Strike_G","Strike_G","Strike_G","Defend_G","Defend_G","Defend_G","Defend_G","Defend_G","Survivor","Neutralize","Poisoned Stab","Underhanded Strike","Tactician+1","Noxious Fumes+1","Footwork","Leg Sweep","Prepared","Backstab"],"potion_use_per_floor":[[],[],[],[],[],[],[],["DistilledChaos"],[],[],[],[],["SmokeBomb"],[],[],["BlessingOfTheForge"]],"relics":["Ring of the Snake","NeowsBlessing","Gremlin Horn","CeramicFish"],"potions_floor_usage":[8,13,16],"damage_taken":[{"damage":0,"enemies":"Jaw Worm","floor":1,"turns":1},{"damage":0,"enemies":"Cultist","floor":3,"turns":1},{"damage":0,"enemies":"Small Slimes","floor":5,"turns":1},{"damage":20,"enemies":"3 Sentries","floor":8,"turns":9},{"damage":7,"enemies":"Red Slaver","floor":10,"turns":5},{"damage":11,"enemies":"Looter","floor":12,"turns":3},{"damage":0,"enemies":"Lagavulin","floor":13,"turns":2},{"damage":7,"enemies":"Exordium Wildlife","floor":14,"turns":4},{"damage":31,"enemies":"Slime Boss","floor":16,"turns":8}],"seed_played":"7674360887145074219","neow_bonus_log":{"cardsObtained":[],"cardsUpgraded":[],"cardsRemoved":[],"cardsTransformed":[],"relicsObtained":["NeowsBlessing"],"maxHpGained":0,"goldGained":0,"damageTaken":0,"goldLost":0,"maxHpLost":0},"potions_obtained":[{"floor":3,"key":"DistilledChaos"},{"floor":5,"key":"SmokeBomb"},{"floor":14,"key":"BlessingOfTheForge"}],"is_trial":false,"path_per_floor":["M","?","M","?","M","R","?","E","T","M","R","M","E","M","R","B"],"character_chosen":"THE_SILENT","basemod:card_modifiers":[null,null,null,null,null,null,null,null,null,null,null,null,null,null,null,null,null,null,null,null],"items_purchased":[],"campfire_rested":1,"item_purchase_floors":[],"current_hp_per_floor":[59,59,59,59,59,59,48,28,28,21,21,10,10,3,22,0],"gold":328,"neow_bonus":"THREE_ENEMY_KILL","is_prod":false,"is_daily":false,"rewards_skipped":[],"chose_seed":false,"campfire_upgraded":2,"win_rate":0,"floor_exit_playtime":[16,20,33,54,74,85,103,187,189,227,237,266,285,320,330],"timestamp":1746500957,"path_taken":["M","?","?","?","?","R","?","E","T","M","R","M","E","M","R","BOSS"],"build_version":"2022-12-18","purchased_purges":0,"victory":false,"max_hp_per_floor":[66,66,66,66,66,66,66,66,66,66,66,66,66,66,66,66],"relic_stats":{"Gremlin Horn":[1,1],"counters":[9,34],"CeramicFish":27,"obtain_stats":[{"NeowsBlessing":0,"Gremlin Horn":8,"CeramicFish":9,"Ring of the Snake":0},{"NeowsBlessing":0,"Gremlin Horn":4,"CeramicFish":4,"Ring of the Snake":0},{"NeowsBlessing":0,"Gremlin Horn":12,"CeramicFish":12,"Ring of the Snake":0}],"Ring of the Snake":[18]},"card_choices":[{"not_picked":["Bane","Blur"],"picked":"Poisoned Stab","floor":1},{"not_picked":["Dodge and Roll","Dagger Throw"],"picked":"Underhanded Strike","floor":3},{"not_picked":["Poisoned Stab","Deflect"],"picked":"Noxious Fumes","floor":5},{"not_picked":["Backflip","Reflex"],"picked":"Footwork","floor":8},{"not_picked":["Escape Plan","Bane"],"picked":"Leg Sweep","floor":10},{"not_picked":["Malaise","Eviscerate"],"picked":"Prepared","floor":12},{"not_picked":["All Out Attack","Sucker Punch"],"picked":"Backstab","floor":14}],"player_experience":1063354,"relics_obtained":[{"floor":8,"key":"Gremlin Horn"},{"floor":9,"key":"CeramicFish"}],"event_choices":[{"cards_removed":["Strike_G"],"damage_healed":0,"gold_gain":0,"player_choice":"Offered Basic","damage_taken":0,"max_hp_gain":0,"max_hp_loss":0,"event_name":"Bonfire Elementals","floor":2,"gold_loss":0},{"damage_healed":0,"gold_gain":0,"player_choice":"1 cards matched","damage_taken":0,"max_hp_gain":0,"max_hp_loss":0,"event_name":"Match and Keep!","floor":4,"gold_loss":0,"cards_obtained":["Tactician"]},{"damage_healed":0,"gold_gain":75,"player_choice":"Gather Gold","damage_taken":11,"max_hp_gain":0,"max_hp_loss":0,"event_name":"World of Goop","floor":7,"gold_loss":0}],"is_beta":false,"boss_relics":[],"items_purged_floors":[],"is_endless":false,"potions_floor_spawned":[3,5,13,14],"killed_by":"Slime Boss","ascension_level":20,"potion_discard_per_floor":[[],[],[],[],[],[],[],[],[],[],[],[],[],[],[],[]]}