{"neow_bonuses_skipped_log":["TRANSFORM_CARD","TEN_PERCENT_HP_BONUS","BOSS_RELIC"],"potions_obtained_entropic_brew":[[],[],[],[],[],[],[],[],[],[],[]],"neow_costs_skipped_log":["NONE","NONE","NONE"],"gold_per_floor":[31,89,49,83,117,117,179,288,356,356,356],"floor_reached":11,"playtime":666,"items_purged":[],"score":150,"play_id":"3a4a9b99-0cae-4b88-9d2b-13756c6d2e02","local_time":"20250320084307","score_breakdown":["到達した階層 (11): 55","敵モンスター撃破数 (5): 10","エリート撃破：序章 (1): 10","ボス撃破 (0): 0","アセンション (20): 75"],"is_ascension_mode":true,"potions_obtained_alchemize":[[],[],[],[],[],[],[],[],[],[],[]],"campfire_choices":[{"data":"HandOfGreed","floor":6,"key":"SMITH"}],"lesson_learned_per_floor":[[],[],[],[],[],[],[],[],[],[],[]],"neow_cost":"NO_GOLD","improvable_cards":{},"seed_source_timestamp":0,"shop_contents":[{"floor":3,"relics":["Ancient Tea Set","Ornamental Fan","Membership Card"],"cards":["Fiend Fire","Feed","Bloodletting","Havoc","Enlightenment","Transmutation"],"potions":["ColorlessPotion","Swift Potion","CultistPotion"]}],"circlet_count":0,"master_deck":["AscendersBane","Strike_R","Strike_R","Strike_R","Strike_R","Defend_R","Defend_R","Defend_R","Defend_R","Bash","HandOfGreed+1","Dual Wield","Warcry","Feel No Pain","True Grit","Intimidate","Whirlwind","Reaper"],"special_seed":0,"potion_use_per_floor":[[],[],[],[],[],[],[],[],[],[],["ElixirPotion"]],"relics":["Burning Blood","StrikeDummy","HornCleat"],"potions_floor_usage":[11],"damage_taken":[{"damage":12.0,"enemies":"Jaw Worm","floor":1.0,"turns":2.0},{"damage":9,"enemies":"2 Louse","floor":2,"turns":6},{"damage":0,"enemies":"Cultist","floor":4,"turns":3},{"damage":21,"enemies":"Looter","floor":5,"turns":4},{"damage":16,"enemies":"Exordium Wildlife","floor":7,"turns":4},{"damage":14,"enemies":"3 Sentries","floor":8,"turns":16},{"damage":46,"enemies":"Lagavulin","floor":11,"turns":6}],"seed_played":"6104585809348549941","neow_bonus_log":{"cardsObtained":[],"cardsUpgraded":[],"cardsRemoved":[],"cardsTransformed":[],"relicsObtained":[],"maxHpGained":0,"goldGained":0,"damageTaken":0,"goldLost":99,"maxHpLost":0},"potions_obtained":[{"floor":4,"key":"SmokeBomb"},{"floor":7,"key":"ElixirPotion"},{"floor":8,"key":"Ancient Potion"}],"is_trial":false,"path_per_floor":["M","M","$","M","M","R","M","E","T","?","E"],"character_chosen":"IRONCLAD","basemod:card_modifiers":[null,null,null,null,null,null,null,null,null,null,null,null,null,null,null,null,null,null],"items_purchased":["Feel No Pain"],"campfire_rested":0,"item_purchase_floors":[3],"current_hp_per_floor":[62,59,59,65,50,50,40,32,32,25,0],"gold":356,"neow_bonus":"RANDOM_COLORLESS_2","is_prod":false,"is_daily":false,"rewards_skipped":[],"chose_seed":false,"campfire_upgraded":1,"win_rate":0,"floor_exit_playtime":[71,142,157,207,279,288,351,560,565,581],"timestamp":1742427787,"path_taken":["M","M","$","M","M","R","M","E","T","?","E"],"build_version":"2022-12-18","purchased_purges":0,"victory":false,"max_hp_per_floor":[75,75,75,75,75,75,75,75,75,75,75],"relic_stats":{"counters":[7,41],"obtain_stats":[{"HornCleat":9,"StrikeDummy":8,"Burning Blood":0},{"HornCleat":6,"StrikeDummy":6,"Burning Blood":0},{"HornCleat":35,"StrikeDummy":35,"Burning Blood":0}],"Burning Blood":36},"card_choices":[{"not_picked":["Secret Weapon","Secret Technique"],"picked":"HandOfGreed","floor":0.0},{"not_picked":["Sword Boomerang","Combust"],"picked":"Dual Wield","floor":1},{"not_picked":["Clash","Havoc"],"picked":"Warcry","floor":2},{"not_picked":["Havoc","Sword Boomerang"],"picked":"True Grit","floor":4},{"not_picked":["Limit Break","Twin Strike"],"picked":"Intimidate","floor":5},{"not_picked":["Reckless Charge","Headbutt"],"picked":"Whirlwind","floor":7},{"not_picked":["Sever Soul","Disarm"],"picked":"Reaper","floor":8}],"player_experience":985433,"relics_obtained":[{"floor":8,"key":"StrikeDummy"},{"floor":9,"key":"HornCleat"}],"event_choices":[{"cards_removed":["Strike_R"],"damage_healed":0,"gold_gain":0,"player_choice":"Card Removal","damage_taken":7,"max_hp_gain":0,"max_hp_loss":0,"event_name":"Golden Wing","floor":10,"gold_loss":0}],"is_beta":false,"boss_relics":[],"items_purged_floors":[],"is_endless":false,"potions_floor_spawned":[4,7,8],"killed_by":"Lagavulin","ascension_level":20,"potion_discard_per_floor":[[],[],[],[],[],[],[],["SmokeBomb"],[],[],[]]}