{"neow_bonuses_skipped_log":["TEN_PERCENT_HP_BONUS"],"neow_costs_skipped_log":["NONE"],"potions_obtained_entropic_brew":[[],[],[],[],[],[],[],[],[],[],[],[],[],[],[],[],[],[],[],[],[],[],[],[],[],[],[],[],[],[],[],[],[],[],[],[],[],[],[],[],[],[],[],[],[],[],[]],"gold_per_floor":[113,38,38,38,38,69,93,105,105,122,122,148,159,188,188,265,265,276,287,287,305,230,230,255,255,255,273,273,143,162,196,196,274,274,294,294,326,338,366,378,440,481,541,572,584,609,621],"floor_reached":47,"playtime":2402,"items_purged":["Strike_R+1"],"score":1176,"play_id":"9f1f085c-b72e-476d-9df0-c4efed7654c7","local_time":"20250323184807","falling_options_log":["Feed","Metallicize"],"score_breakdown":["到達した階層 (47): 235","敵モンスター撃破数 (14): 28","エリート撃破：序章 (3): 30","エリート撃破：シティ (2): 40","エリート撃破：彼方 (1): 30","ボス撃破 (2): 150","ミステリーマシン (15): 25","お腹一杯: 25","チャンピオン (2): 50","アセンション (20): 563"],"is_ascension_mode":true,"potions_obtained_alchemize":[[],[],[],[],[],[],[],[],[],[],[],[],[],[],[],[],[],[],[],[],[],[],[],[],[],[],[],[],[],[],[],[],[],[],[],[],[],[],[],[],[],[],[],[],[],[],[]],"campfire_choices":[{"data":"Uppercut","floor":11,"key":"SMITH"},{"data":"Whirlwind","floor":15,"key":"SMITH"},{"data":"Armaments","floor":23,"key":"SMITH"},{"data":"Offering","floor":25,"key":"SMITH"},{"data":"Demon Form","floor":32,"key":"SMITH"},{"data":"Heavy Blade","floor":40,"key":"SMITH"},{"floor":45,"key":"RECALL"}],"lesson_learned_per_floor":[[],[],[],[],[],[],[],[],[],[],[],[],[],[],[],[],[],[],[],[],[],[],[],[],[],[],[],[],[],[],[],[],[],[],[],[],[],[],[],[],[],[],[],[],[],[],[]],"neow_cost":"NONE","improvable_cards":{},"seed_source_timestamp":296269959311583,"shop_contents":[{"floor":3,"relics":["MealTicket","Centennial Puzzle","DollysMirror"],"cards":["Clothesline","Carnage","Rage","Dual Wield","Evolve","Discovery","Violence"],"potions":["SneckoOil","Fire Potion","Dexterity Potion"]},{"floor":5,"relics":["Mummified Hand","Akabeko","Chemical X"],"cards":["Feed","Pummel","Havoc","Warcry","Metallicize","Flash of Steel","Thinking Ahead"],"potions":["AttackPotion","BloodPotion","Explosive Potion"]},{"floor":29,"relics":["Dead Branch","Sundial","Brimstone"],"cards":["Perfected Strike","Blood for Blood","Armaments","Flex","Fire Breathing","Madness","Master of Strategy"],"potions":["FearPotion","SpeedPotion"]}],"circlet_count":0,"master_deck":["AscendersBane","Strike_R+1","Strike_R+1","Defend_R+1","Defend_R+1","Bash","Uppercut+1","Shrug It Off","Anger","Shrug It Off","Metallicize","Armaments+1","Whirlwind+1","Offering+1","Bloodletting","Demon Form+1","Feed","Dark Embrace","Warcry+1","Heavy Blade+1","Shockwave+1","Second Wind"],"potion_use_per_floor":[[],[],[],[],[],[],[],[],[],[],[],["PowerPotion"],[],["EssenceOfSteel"],[],[],[],[],[],[],[],[],[],[],[],[],[],[],[],[],[],[],["Block Potion"],[],[],[],[],[],[],[],[],[],[],["Energy Potion"],[],["AttackPotion"],["Fire Potion"]],"relics":["Burning Blood","NeowsBlessing","Nunchaku","Oddly Smooth Stone","Art of War","Potion Belt","Self Forming Clay","Coffee Dripper","Happy Flower","Strawberry","Toy Ornithopter","Pen Nib","SlaversCollar","MawBank","PreservedInsect"],"potions_floor_usage":[12,14,33,44,46,47],"damage_taken":[{"damage":0,"enemies":"2 Louse","floor":1,"turns":1},{"damage":0,"enemies":"3 Sentries","floor":6,"turns":2},{"damage":0,"enemies":"Jaw Worm","floor":8,"turns":1},{"damage":0,"enemies":"Cultist","floor":10,"turns":3},{"damage":9,"enemies":"Lagavulin","floor":12,"turns":5},{"damage":44,"enemies":"Gremlin Gang","floor":13,"turns":7},{"damage":4,"enemies":"3 Sentries","floor":14,"turns":11},{"damage":29,"enemies":"The Guardian","floor":16,"turns":13},{"damage":6,"enemies":"Spheric Guardian","floor":18,"turns":4},{"damage":6,"enemies":"Chosen","floor":19,"turns":4},{"damage":10,"enemies":"Centurion and Healer","floor":21,"turns":8},{"damage":14,"enemies":"Book of Stabbing","floor":24,"turns":5},{"damage":9,"enemies":"Shelled Parasite and Fungi","floor":27,"turns":2},{"damage":11,"enemies":"Snecko","floor":30,"turns":5},{"damage":9,"enemies":"Gremlin Leader","floor":31,"turns":5},{"damage":36,"enemies":"Collector","floor":33,"turns":7},{"damage":6,"enemies":"3 Shapes","floor":35,"turns":8},{"damage":16,"enemies":"3 Darklings","floor":37,"turns":8},{"damage":43,"enemies":"4 Shapes","floor":39,"turns":7},{"damage":22,"enemies":"Reptomancer","floor":42,"turns":6},{"damage":16,"enemies":"Writhing Mass","floor":44,"turns":3},{"damage":9,"enemies":"Jaw Worm Horde","floor":46,"turns":3}],"green_key_taken_log":6,"seed_played":"6646910714751001212","neow_bonus_log":{"cardsObtained":[],"cardsUpgraded":[],"cardsRemoved":[],"cardsTransformed":[],"relicsObtained":["NeowsBlessing"],"maxHpGained":0,"goldGained":0,"damageTaken":0,"goldLost":0,"maxHpLost":0},"potions_obtained":[{"floor":8,"key":"PowerPotion"},{"floor":10,"key":"EssenceOfSteel"},{"floor":16,"key":"CultistPotion"},{"floor":18,"key":"Block Potion"},{"floor":33,"key":"Energy Potion"},{"floor":42,"key":"AttackPotion"},{"floor":46,"key":"Fire Potion"}],"is_trial":false,"path_per_floor":["M","?","$","?","$","E","T","M","T","M","R","E","M","E","R","B",null,"M","M","?","M","?","R","E","R","T","M","?","$","M","E","R","B",null,"M","?","M","?","M","R","?","E","T","M","R","M","M"],"character_chosen":"IRONCLAD","basemod:card_modifiers":[null,null,null,null,null,null,null,null,null,null,null,null,null,null,null,null,null,null,null,null,null,null],"items_purchased":["Strength Potion"],"campfire_rested":0,"item_purchase_floors":[29],"current_hp_per_floor":[74,74,74,67,67,73,73,75,75,75,75,72,34,36,36,13,60,60,60,60,56,56,56,48,48,55,52,52,52,47,44,44,19,66,69,69,63,63,30,30,30,14,14,9,9,14,0],"gold":621,"neow_bonus":"THREE_ENEMY_KILL","is_prod":false,"is_daily":false,"rewards_skipped":[],"chose_seed":false,"campfire_upgraded":6,"win_rate":0,"floor_exit_playtime":[15,21,28,36,42,66,70,78,89,116,123,203,303,417,424,569,594,658,722,728,825,859,868,957,967,975,1015,1032,1091,1151,1249,1257,1425,1473,1576,1587,1730,1739,1878,1887,1897,2038,2046,2115,2125,2244],"timestamp":1742723287,"blue_key_relic_skipped_log":{"floor":43,"relicID":"Juzu Bracelet"},"path_taken":["M","?","$","?","?","E","?","?","T","?","R","E","M","E","R","BOSS","M","M","?","M","?","R","E","R","T","M","?","$","?","E","R","BOSS","M","?","?","?","M","R","?","E","T","M","R","M","?"],"build_version":"2022-12-18","purchased_purges":1,"victory":false,"max_hp_per_floor":[75,75,75,75,75,75,75,75,75,75,75,75,75,75,75,75,75,75,75,75,75,75,75,75,75,82,82,82,82,82,82,82,82,82,85,85,89,89,93,93,93,93,93,93,93,96,100],"relic_stats":{"Nunchaku":[20],"Happy Flower":[22],"counters":[23,130],"Self Forming Clay":[114],"Pen Nib":[7],"PreservedInsect":0,"Art of War":[23],"MawBank":132,"obtain_stats":[{"Potion Belt":12,"NeowsBlessing":0,"Happy Flower":24,"Self Forming Clay":14,"Oddly Smooth Stone":7,"Pen Nib":31,"PreservedInsect":42,"MawBank":36,"Burning Blood":0,"SlaversCollar":34,"Nunchaku":6,"Strawberry":26,"Art of War":9,"Coffee Dripper":17,"Toy Ornithopter":28},{"Potion Belt":5,"NeowsBlessing":0,"Happy Flower":12,"Self Forming Clay":7,"Oddly Smooth Stone":2,"Pen Nib":15,"PreservedInsect":20,"MawBank":17,"Burning Blood":0,"SlaversCollar":16,"Nunchaku":2,"Strawberry":12,"Art of War":3,"Coffee Dripper":8,"Toy Ornithopter":13},{"Potion Belt":12,"NeowsBlessing":0,"Happy Flower":64,"Self Forming Clay":30,"Oddly Smooth Stone":3,"Pen Nib":76,"PreservedInsect":112,"MawBank":91,"Burning Blood":0,"SlaversCollar":83,"Nunchaku":3,"Strawberry":64,"Art of War":4,"Coffee Dripper":43,"Toy Ornithopter":66}],"Burning Blood":122,"Toy Ornithopter":20},"card_choices":[{"not_picked":["Pommel Strike","True Grit"],"picked":"Uppercut","floor":1},{"not_picked":["Flex","Thunderclap"],"picked":"Shrug It Off","floor":6},{"not_picked":["Havoc","Spot Weakness"],"picked":"Anger","floor":8},{"not_picked":["Clash","Clothesline"],"picked":"Shrug It Off","floor":10},{"not_picked":["Bludgeon","Shrug It Off"],"picked":"Metallicize","floor":12},{"not_picked":["Havoc","Body Slam"],"picked":"Armaments","floor":13},{"not_picked":["Searing Blow","Battle Trance"],"picked":"Whirlwind","floor":14},{"not_picked":["Corruption","Immolate"],"picked":"Offering","floor":16},{"not_picked":["Thunderclap","Ghostly Armor","Clothesline"],"picked":"SKIP","floor":18},{"not_picked":["Pummel+1","Perfected Strike"],"picked":"Bloodletting","floor":19},{"not_picked":["Hemokinesis","Anger","Clash"],"picked":"SKIP","floor":21},{"not_picked":["Wild Strike","Flex","Clothesline"],"picked":"SKIP","floor":24},{"not_picked":["Armaments","Flex","Thunderclap"],"picked":"SKIP","floor":27},{"not_picked":["True Grit","Anger"],"picked":"Demon Form","floor":30},{"not_picked":["Armaments","Flex"],"picked":"Feed","floor":31},{"not_picked":["Double Tap","Juggernaut","Immolate"],"picked":"SKIP","floor":33},{"not_picked":["Cleave","Uppercut"],"picked":"Dark Embrace","floor":35},{"not_picked":["Blood for Blood+1","Clash"],"picked":"Warcry+1","floor":37},{"not_picked":["Uppercut","Infernal Blade"],"picked":"Heavy Blade","floor":39},{"not_picked":["Heavy Blade","Ghostly Armor","Body Slam"],"picked":"SKIP","floor":42},{"not_picked":["Combust","Power Through"],"picked":"Shockwave+1","floor":44},{"not_picked":["Sword Boomerang","Armaments+1"],"picked":"Second Wind","floor":46}],"player_experience":992129,"relics_obtained":[{"floor":6,"key":"Nunchaku"},{"floor":7,"key":"Oddly Smooth Stone"},{"floor":9,"key":"Art of War"},{"floor":12,"key":"Potion Belt"},{"floor":14,"key":"Self Forming Clay"},{"floor":24,"key":"Happy Flower"},{"floor":26,"key":"Strawberry"},{"floor":28,"key":"Toy Ornithopter"},{"floor":31,"key":"Pen Nib"},{"floor":42,"key":"PreservedInsect"}],"event_choices":[{"cards_removed":["Strike_R"],"damage_healed":0,"gold_gain":0,"player_choice":"Card Removal","damage_taken":0,"max_hp_gain":0,"max_hp_loss":0,"event_name":"The Cleric","floor":2,"gold_loss":75},{"cards_removed":["Strike_R"],"damage_healed":0,"gold_gain":0,"player_choice":"Card Removal","damage_taken":7,"max_hp_gain":0,"max_hp_loss":0,"event_name":"Golden Wing","floor":4,"gold_loss":0},{"damage_healed":0,"gold_gain":0,"player_choice":"Simplicity","damage_taken":0,"max_hp_gain":0,"max_hp_loss":0,"event_name":"Back to Basics","floor":20,"gold_loss":0,"cards_upgraded":["Strike_R","Strike_R","Strike_R","Defend_R","Defend_R","Defend_R","Defend_R"]},{"cards_removed":["Defend_R"],"damage_healed":0,"gold_gain":0,"player_choice":"Gave Gold","damage_taken":0,"max_hp_gain":0,"max_hp_loss":0,"event_name":"Beggar","floor":22,"gold_loss":75},{"damage_healed":0,"gold_gain":0,"player_choice":"Relic","damage_taken":0,"max_hp_gain":0,"max_hp_loss":0,"event_name":"Wheel of Change","floor":28,"gold_loss":0},{"damage_healed":0,"gold_gain":0,"player_choice":"Gave Potion","damage_taken":0,"relics_obtained":["MawBank"],"max_hp_gain":0,"max_hp_loss":0,"event_name":"WeMeetAgain","floor":36,"gold_loss":0},{"cards_removed":["Defend_R"],"damage_healed":0,"gold_gain":0,"player_choice":"Removed Skill","damage_taken":0,"max_hp_gain":0,"max_hp_loss":0,"event_name":"Falling","floor":38,"gold_loss":0},{"damage_healed":0,"gold_gain":50,"player_choice":"Pray","damage_taken":0,"max_hp_gain":0,"max_hp_loss":0,"event_name":"Golden Shrine","floor":41,"gold_loss":0}],"is_beta":false,"boss_relics":[{"not_picked":["Busted Crown","Velvet Choker"],"picked":"Coffee Dripper"},{"not_picked":["Empty Cage","Runic Dome"],"picked":"SlaversCollar"}],"items_purged_floors":[29],"is_endless":false,"potions_floor_spawned":[8,10,16,18,33,42,46],"killed_by":"4 Shapes","ascension_level":20,"potion_discard_per_floor":[[],[],[],[],[],[],[],[],[],[],[],[],[],[],[],[],[],[],[],[],[],[],[],[],[],[],[],[],[],[],[],[],[],[],[],[],[],[],[],[],[],[],[],[],[],[],[]]}