{"neow_bonuses_skipped_log":["TEN_PERCENT_HP_BONUS"],"potions_obtained_entropic_brew":[[],[],[],[],[],[],[],[],[],[],[],[],[],[],[],[]],"neow_costs_skipped_log":["NONE"],"gold_per_floor":[116,116,133,133,133,168,168,185,185,214,179,8,41,67,67,67],"floor_reached":16,"playtime":420,"items_purged":[],"score":282,"play_id":"6c7c1b54-16de-4183-8d91-170249d2da26","local_time":"20250320104237","score_breakdown":["到達した階層 (16): 80","敵モンスター撃破数 (3): 6","エリート撃破：序章 (3): 30","ボス撃破 (0): 0","チャンピオン (1): 25","アセンション (20): 141"],"is_ascension_mode":true,"potions_obtained_alchemize":[[],[],[],[],[],[],[],[],[],[],[],[],[],[],[],[]],"campfire_choices":[{"data":"Bash","floor":7,"key":"SMITH"},{"data":"Fiend Fire","floor":15,"key":"SMITH"}],"lesson_learned_per_floor":[[],[],[],[],[],[],[],[],[],[],[],[],[],[],[],[]],"neow_cost":"NONE","improvable_cards":{},"seed_source_timestamp":0,"shop_contents":[{"floor":12,"relics":["Potion Belt","StrikeDummy"],"cards":["Sever Soul","Anger","Double Tap","True Grit","Rupture","Mind Blast","Metamorphosis"],"potions":["BloodPotion","Ancient Potion","LiquidBronze"]}],"circlet_count":0,"master_deck":["AscendersBane","Strike_R","Strike_R","Strike_R","Defend_R+1","Defend_R+1","Defend_R","Defend_R","Bash+1","Flame Barrier","Battle Trance","Sword Boomerang","Hemokinesis","Power Through","Fiend Fire+1"],"special_seed":0,"potion_use_per_floor":[[],[],[],[],[],[],[],[],[],[],[],[],[],[],[],[]],"relics":["Burning Blood","NeowsBlessing","Question Card","Shuriken","Gremlin Horn","Membership Card","Strawberry","Oddly Smooth Stone"],"potions_floor_usage":[],"damage_taken":[{"damage":0,"enemies":"Jaw Worm","floor":1,"turns":1},{"damage":0,"enemies":"2 Louse","floor":3,"turns":1},{"damage":0,"enemies":"3 Sentries","floor":6,"turns":2},{"damage":2,"enemies":"Small Slimes","floor":8,"turns":3},{"damage":36,"enemies":"Gremlin Nob","floor":10,"turns":4},{"damage":23,"enemies":"3 Sentries","floor":13,"turns":11},{"damage":35,"enemies":"Slime Boss","floor":16,"turns":7}],"seed_played":"-3215788683659619996","neow_bonus_log":{"cardsObtained":[],"cardsUpgraded":[],"cardsRemoved":[],"cardsTransformed":[],"relicsObtained":["NeowsBlessing"],"maxHpGained":0,"goldGained":0,"damageTaken":0,"goldLost":0,"maxHpLost":0},"potions_obtained":[{"floor":1,"key":"LiquidBronze"}],"is_trial":false,"path_per_floor":["M","?","M","?","?","E","R","M","T","E","?","$","E","T","R","B"],"character_chosen":"IRONCLAD","basemod:card_modifiers":[null,null,null,null,null,null,null,null,null,null,null,null,null,null,null],"items_purchased":["Membership Card"],"campfire_rested":0,"item_purchase_floors":[12],"current_hp_per_floor":[74,74,75,52,45,51,51,55,55,25,43,43,33,33,33,0],"gold":67,"neow_bonus":"THREE_ENEMY_KILL","is_prod":false,"is_daily":false,"rewards_skipped":[],"chose_seed":false,"campfire_upgraded":2,"win_rate":0,"floor_exit_playtime":[34,39,51,55,62,84,92,126,131,177,186,198,325,329,337],"timestamp":1742434957,"path_taken":["M","?","M","?","?","E","R","M","T","E","?","$","E","?","R","BOSS"],"build_version":"2022-12-18","purchased_purges":0,"victory":false,"max_hp_per_floor":[75,75,75,75,75,75,75,75,75,75,75,75,82,82,82,82],"relic_stats":{"Gremlin Horn":[3,3],"counters":[7,29],"Shuriken":[2],"Membership Card":0,"Question Card":3,"obtain_stats":[{"NeowsBlessing":0,"Gremlin Horn":10,"Shuriken":9,"Strawberry":13,"Oddly Smooth Stone":14,"Membership Card":12,"Question Card":6,"Burning Blood":0},{"NeowsBlessing":0,"Gremlin Horn":5,"Shuriken":4,"Strawberry":6,"Oddly Smooth Stone":6,"Membership Card":5,"Question Card":3,"Burning Blood":0},{"NeowsBlessing":0,"Gremlin Horn":11,"Shuriken":7,"Strawberry":22,"Oddly Smooth Stone":22,"Membership Card":11,"Question Card":4,"Burning Blood":0}],"Burning Blood":31},"card_choices":[{"not_picked":["Headbutt","Armaments"],"picked":"Flame Barrier","floor":1},{"not_picked":["Sentinel","Disarm","Flex"],"picked":"SKIP","floor":3},{"not_picked":["True Grit","Pummel"],"picked":"Sword Boomerang","floor":6},{"not_picked":["Twin Strike","Shrug It Off","Havoc"],"picked":"Hemokinesis","floor":8},{"not_picked":["Limit Break","Iron Wave","Warcry"],"picked":"Power Through","floor":10},{"not_picked":["Armaments","Twin Strike","Flame Barrier"],"picked":"Fiend Fire","floor":13}],"player_experience":986099,"relics_obtained":[{"floor":6,"key":"Question Card"},{"floor":9,"key":"Shuriken"},{"floor":10,"key":"Gremlin Horn"},{"floor":13,"key":"Strawberry"},{"floor":14,"key":"Oddly Smooth Stone"}],"event_choices":[{"damage_healed":0,"gold_gain":0,"cards_transformed":["Strike_R"],"player_choice":"Change","damage_taken":0,"max_hp_gain":0,"max_hp_loss":0,"event_name":"Living Wall","floor":2,"gold_loss":0,"cards_obtained":["Battle Trance"]},{"damage_healed":0,"gold_gain":0,"player_choice":"Entered Light","damage_taken":23,"max_hp_gain":0,"max_hp_loss":0,"event_name":"Shining Light","floor":4,"gold_loss":0,"cards_upgraded":["Defend_R","Defend_R"]},{"cards_removed":["Strike_R"],"damage_healed":0,"gold_gain":0,"player_choice":"Card Removal","damage_taken":7,"max_hp_gain":0,"max_hp_loss":0,"event_name":"Golden Wing","floor":5,"gold_loss":0},{"damage_healed":18,"gold_gain":0,"player_choice":"Healed","damage_taken":0,"max_hp_gain":0,"max_hp_loss":0,"event_name":"The Cleric","floor":11,"gold_loss":35}],"is_beta":false,"boss_relics":[],"items_purged_floors":[],"is_endless":false,"potions_floor_spawned":[1],"killed_by":"Slime Boss","ascension_level":20,"potion_discard_per_floor":[[],[],[],[],[],[],[],[],[],[],[],[],[],[],[],[]]}