{"neow_bonuses_skipped_log":["RANDOM_COLORLESS","THREE_SMALL_POTIONS","BOSS_RELIC"],"neow_costs_skipped_log":["NONE","NONE","NONE"],"potions_obtained_entropic_brew":[[],[],[],[],[],[],[],[],[],[],[],[],[],[],[],[],[],[],[],[],[],[],[],[],[],[],[],[],[],[],[],[],[],[],[],[],[],[],[],[],[],[],[],[],[],[],[],[],[],[],[],[],[],[],[],["Explosive Potion","SpeedPotion"],[]],"gold_per_floor":[364,364,364,90,100,130,130,463,463,492,334,361,380,380,380,454,454,466,476,493,508,533,563,579,212,238,252,272,306,306,102,102,179,179,189,189,202,202,117,151,151,182,182,201,201,229,248,265,265,265,265,265,265,38,64,64],"floor_reached":57,"playtime":4578,"items_purged":["Parasite","Strike_R","Strike_R","Strike_R","Strike_R"],"score":3195,"play_id":"e51b921f-26a3-4c27-b24d-b9318749dd1c","local_time":"20250320184524","score_breakdown":["到達した階層 (57): 285","敵モンスター撃破数 (15): 30","エリート撃破：序章 (4): 40","エリート撃破：シティ (2): 40","エリート撃破：彼方 (3): 90","ボス撃破 (5): 750","マネー、マネー (1340): 25","収集家 (1): 25","司書: 25","チャンピオン (4): 100","パーフェクト (1): 50","オーバーキル: 25","コ・コ・コ・コンボォー！: 25","アセンション (20): 1435","ハートブレイカー: 250"],"is_ascension_mode":true,"potions_obtained_alchemize":[[],[],[],[],[],[],[],[],[],[],[],[],[],[],[],[],[],[],[],[],[],[],[],[],[],[],[],[],[],[],[],[],[],[],[],[],[],[],[],[],[],[],[],[],[],[],[],[],[],[],[],[],[],[],[],[],[]],"campfire_choices":[{"floor":7,"key":"REST"},{"data":"1","floor":15,"key":"LIFT"},{"data":"Fiend Fire","floor":30,"key":"SMITH"},{"data":"2","floor":32,"key":"LIFT"},{"floor":41,"key":"RECALL"},{"data":"3","floor":49,"key":"LIFT"},{"floor":53,"key":"REST"}],"lesson_learned_per_floor":[[],[],[],[],[],[],[],[],[],[],[],[],[],[],[],[],[],[],[],[],[],[],[],[],[],[],[],[],[],[],[],[],[],[],[],[],[],[],[],[],[],[],[],[],[],[],[],[],[],[],[],[],[],[],[],[],[]],"neow_cost":"CURSE","improvable_cards":{},"seed_source_timestamp":99407249785208,"shop_contents":[{"floor":4,"relics":["Bottled Flame","White Beast Statue"],"cards":["Wild Strike","Warcry","True Grit","Rupture","Blind","Metamorphosis"],"potions":["Ancient Potion","Strength Potion","SneckoOil"]},{"floor":11,"relics":["Strawberry","Art of War","Frozen Eye"],"cards":["Sword Boomerang","Rampage","Exhume+1","Evolve","Finesse+1","The Bomb+1"],"potions":["LiquidBronze","FearPotion","Swift Potion"]},{"floor":25,"relics":["Regal Pillow","Self Forming Clay","PrismaticShard"],"cards":["Double Tap+1","Flex+1","Combust","Mind Blast","Chrysalis+1"],"potions":["Swift Potion","CultistPotion","AttackPotion"]},{"floor":31,"relics":["Eternal Feather","CeramicFish","Lee\u0027s Waffle"],"cards":["Headbutt","Feed","Shrug It Off+1","Metallicize","Good Instincts+1","Panache"],"potions":["LiquidBronze","Fire Potion","Swift Potion"]},{"floor":36,"relics":["Pear","Lantern","DollysMirror"],"cards":["Searing Blow","Carnage","Battle Trance+1","Shockwave+1","Inflame","PanicButton+1","Master of Strategy+1"],"potions":["Block Potion","Fire Potion","SneckoOil"]},{"floor":39,"relics":["InkBottle","Meat on the Bone","Toolbox"],"cards":["Pummel","Clash","Dual Wield+1","Shrug It Off+1","PanicButton+1","Secret Weapon+1"],"potions":["FearPotion","AttackPotion","Fire Potion"]},{"floor":54,"relics":["War Paint","Blue Candle","Membership Card"],"cards":["Pommel Strike","Headbutt","Flex+1","Evolve","Madness+1","Panache"],"potions":["SmokeBomb","SpeedPotion","BlessingOfTheForge"]}],"circlet_count":0,"master_deck":["AscendersBane","Defend_R","Defend_R","Defend_R","Defend_R","Bash","Pommel Strike","Flex","Pommel Strike","Flame Barrier","Second Wind","Shrug It Off","Sentinel+1","Warcry+1","Pommel Strike","Immolate","Intimidate+1","True Grit+1","Shockwave+1","Shrug It Off+1","Fiend Fire+1","Immolate","Shrug It Off+1","Armaments+1","True Grit+1","Reaper","Feel No Pain","Shrug It Off+1","Dark Embrace","Sentinel+1","Barricade","Master of Strategy+1","Purity+1","PanicButton+1","True Grit+1","Havoc+1"],"potion_use_per_floor":[[],[],[],[],[],[],[],[],[],["PowerPotion","DistilledChaos"],[],[],[],[],[],[],[],["Block Potion"],[],[],[],[],["BlessingOfTheForge"],[],[],[],[],[],[],[],[],[],["BloodPotion"],[],[],[],[],[],[],[],[],[],[],[],[],[],[],[],[],[],[],[],[],[],[],["ElixirPotion","EntropicBrew","SpeedPotion","Explosive Potion"],[]],"relics":["Burning Blood","Sling","Dead Branch","Old Coin","Girya","Toxic Egg 2","Pantograph","Blood Vial","Mark of Pain","Dream Catcher","Juzu Bracelet","Toy Ornithopter","Gremlin Horn","Snecko Eye","Magic Flower","PreservedInsect","FossilizedHelix","Oddly Smooth Stone"],"potions_floor_usage":[10,10,18,23,33,56,56,56,56],"damage_taken":[{"damage":4,"enemies":"Jaw Worm","floor":1,"turns":5},{"damage":5,"enemies":"Small Slimes","floor":5,"turns":3},{"damage":34,"enemies":"Gremlin Nob","floor":6,"turns":4},{"damage":16,"enemies":"3 Sentries","floor":8,"turns":7},{"damage":7,"enemies":"Lagavulin","floor":10,"turns":6},{"damage":5,"enemies":"3 Sentries","floor":12,"turns":4},{"damage":0,"enemies":"Cultist","floor":13,"turns":4},{"damage":64,"enemies":"The Guardian","floor":16,"turns":19},{"damage":5,"enemies":"2 Thieves","floor":18,"turns":3},{"damage":12,"enemies":"Shell Parasite","floor":19,"turns":6},{"damage":12,"enemies":"Snake Plant","floor":20,"turns":3},{"damage":7,"enemies":"Cultist and Chosen","floor":21,"turns":5},{"damage":6,"enemies":"Slavers","floor":23,"turns":5},{"damage":10,"enemies":"Snecko","floor":24,"turns":5},{"damage":9,"enemies":"Snake Plant","floor":27,"turns":2},{"damage":3,"enemies":"Centurion and Healer","floor":28,"turns":4},{"damage":7,"enemies":"Gremlin Leader","floor":29,"turns":6},{"damage":19,"enemies":"Collector","floor":33,"turns":9},{"damage":0,"enemies":"3 Darklings","floor":35,"turns":2},{"damage":0,"enemies":"Orb Walker","floor":37,"turns":3},{"damage":6,"enemies":"Giant Head","floor":40,"turns":2},{"damage":0,"enemies":"Reptomancer","floor":42,"turns":1},{"damage":29,"enemies":"Writhing Mass","floor":44,"turns":4},{"damage":0,"enemies":"Giant Head","floor":46,"turns":4},{"damage":0,"enemies":"Sphere and 2 Shapes","floor":47,"turns":3},{"damage":0,"enemies":"Jaw Worm Horde","floor":48,"turns":3},{"damage":18,"enemies":"Time Eater","floor":50,"turns":10},{"damage":0,"enemies":"Awakened One","floor":51,"turns":11},{"damage":4,"enemies":"Shield and Spear","floor":55,"turns":5},{"damage":7,"enemies":"The Heart","floor":56,"turns":11}],"green_key_taken_log":6,"seed_played":"-2338994270181602987","neow_bonus_log":{"cardsObtained":["Parasite"],"cardsUpgraded":[],"cardsRemoved":[],"cardsTransformed":[],"relicsObtained":[],"maxHpGained":0,"goldGained":250,"damageTaken":0,"goldLost":0,"maxHpLost":0},"potions_obtained":[{"floor":5,"key":"PowerPotion"},{"floor":6,"key":"DistilledChaos"},{"floor":12,"key":"Block Potion"},{"floor":16,"key":"BlessingOfTheForge"},{"floor":18,"key":"EntropicBrew"},{"floor":28,"key":"BloodPotion"},{"floor":33,"key":"SkillPotion"},{"floor":40,"key":"Strength Potion"},{"floor":46,"key":"Block Potion"},{"floor":55,"key":"ElixirPotion"}],"is_trial":false,"path_per_floor":["M","?","?","$","M","E","R","E","T","E","$","E","M","T","R","B",null,"M","M","M","M","T","E","M","$","T","M","M","E","R","$","R","B",null,"M","$","M","?","$","E","R","E","T","M","?","E","M","M","R","B","B",null,"R","$","E","B",null],"character_chosen":"IRONCLAD","basemod:card_modifiers":[null,null,null,null,null,null,null,null,null,null,null,null,null,null,null,null,null,null,null,null,null,null,null,null,null,null,null,null,null,null,null,null,null,null,null,null],"items_purchased":["Sling","Pommel Strike","Warcry+1","Fiend Fire","Immolate","True Grit+1","Dark Embrace","Havoc+1"],"campfire_rested":2,"item_purchase_floors":[4,4,11,25,25,31,39,54],"current_hp_per_floor":[70,75,75,75,76,48,71,61,61,60,60,61,67,67,67,19,63,66,62,58,59,59,61,59,59,59,58,63,64,64,64,64,77,77,77,77,77,73,73,73,73,73,73,67,57,73,73,73,73,73,73,73,73,73,73,73],"gold":64,"neow_bonus":"TWO_FIFTY_GOLD","is_prod":false,"is_daily":false,"rewards_skipped":[{"floor":20,"relics":[],"potions":["SteroidPotion"]},{"floor":21,"relics":[],"potions":["SteroidPotion"]},{"floor":37,"relics":[],"potions":["SkillPotion"]},{"floor":47,"relics":[],"potions":["FearPotion"]}],"chose_seed":false,"campfire_upgraded":1,"win_rate":0,"floor_exit_playtime":[64,69,76,103,134,185,201,320,329,436,487,576,666,670,681,967,1023,1118,1218,1307,1423,1431,1556,1660,1690,1696,1746,1836,1973,2008,2029,2046,2314,2350,2412,2422,2481,2497,2514,2599,2606,2645,2654,2745,2780,2948,3093,3179,3207,3507,3880,3923,3937,3971,4157,4578],"timestamp":1742463924,"blue_key_relic_skipped_log":{"floor":43,"relicID":"StrikeDummy"},"path_taken":["M","?","?","$","?","E","R","E","T","E","$","E","M","?","R","BOSS","M","M","M","M","?","E","M","$","T","M","M","E","R","$","R","BOSS","M","$","M","?","$","E","R","E","T","M","?","E","M","M","R","BOSS","BOSS","R","$","E","BOSS"],"build_version":"2022-12-18","purchased_purges":5,"victory":true,"max_hp_per_floor":[75,80,80,77,77,77,77,77,77,77,77,77,77,77,77,77,77,77,77,77,77,77,77,77,77,77,77,77,77,77,77,77,77,77,77,77,77,73,73,73,73,73,73,73,73,73,73,73,73,73,73,73,73,73,73,73],"relic_stats":{"Girya":3,"Gremlin Horn":[15,16],"counters":[30,159],"Dead Branch":[486],"Magic Flower":[13],"PreservedInsect":207,"Juzu Bracelet":0,"Burning Blood":124,"Blood Vial":25,"Dream Catcher":1,"Pantograph":19,"Snecko Eye":[154,171,147,165,-226],"obtain_stats":[{"Girya":9,"Gremlin Horn":29,"Dead Branch":6,"Magic Flower":40,"Oddly Smooth Stone":55,"PreservedInsect":42,"Juzu Bracelet":23,"Sling":4,"Burning Blood":0,"Old Coin":8,"Blood Vial":14,"Dream Catcher":22,"Pantograph":12,"Snecko Eye":34,"Mark of Pain":17,"Toxic Egg 2":10,"Toy Ornithopter":26,"FossilizedHelix":46},{"Girya":4,"Gremlin Horn":17,"Dead Branch":3,"Magic Flower":21,"Oddly Smooth Stone":29,"PreservedInsect":22,"Juzu Bracelet":13,"Sling":1,"Burning Blood":0,"Old Coin":4,"Blood Vial":7,"Dream Catcher":12,"Pantograph":6,"Snecko Eye":18,"Mark of Pain":8,"Toxic Egg 2":5,"Toy Ornithopter":14,"FossilizedHelix":24},{"Girya":19,"Gremlin Horn":91,"Dead Branch":12,"Magic Flower":107,"Oddly Smooth Stone":148,"PreservedInsect":108,"Juzu Bracelet":74,"Sling":5,"Burning Blood":0,"Old Coin":19,"Blood Vial":33,"Dream Catcher":69,"Pantograph":29,"Snecko Eye":100,"Mark of Pain":52,"Toxic Egg 2":25,"Toy Ornithopter":79,"FossilizedHelix":116}],"Toy Ornithopter":7,"FossilizedHelix":[74]},"card_choices":[{"not_picked":["Sword Boomerang","Body Slam"],"picked":"Pommel Strike","floor":1},{"not_picked":["Pommel Strike","Searing Blow"],"picked":"Flame Barrier","floor":5},{"not_picked":["True Grit","Burning Pact"],"picked":"Second Wind","floor":6},{"not_picked":["True Grit","Iron Wave"],"picked":"Shrug It Off","floor":8},{"not_picked":["Dropkick","Spot Weakness+1"],"picked":"Sentinel+1","floor":10},{"not_picked":["Anger","Wild Strike"],"picked":"Pommel Strike","floor":12},{"not_picked":["Rampage","Anger","Cleave"],"picked":"SKIP","floor":13},{"not_picked":["Exhume+1","Demon Form"],"picked":"Immolate","floor":16},{"not_picked":["Body Slam+1","Entrench+1","Perfected Strike"],"picked":"SKIP","floor":18},{"not_picked":["Pummel","Clothesline"],"picked":"Intimidate+1","floor":19},{"not_picked":["Body Slam+1","Thunderclap"],"picked":"True Grit+1","floor":20},{"not_picked":["Clash","Inflame"],"picked":"Shockwave+1","floor":21},{"not_picked":["Clash+1","Juggernaut"],"picked":"Shrug It Off+1","floor":23},{"not_picked":["Dual Wield+1","Perfected Strike","Rampage"],"picked":"SKIP","floor":24},{"not_picked":["Twin Strike","Blood for Blood","Thunderclap"],"picked":"SKIP","floor":27},{"not_picked":["Perfected Strike","Sword Boomerang+1"],"picked":"Shrug It Off+1","floor":28},{"not_picked":["Iron Wave","Sword Boomerang"],"picked":"Armaments+1","floor":29},{"not_picked":["Double Tap+1","Demon Form"],"picked":"Reaper","floor":33},{"not_picked":["Warcry+1","Body Slam"],"picked":"Feel No Pain","floor":35},{"not_picked":["Warcry+1","Battle Trance+1"],"picked":"Shrug It Off+1","floor":37},{"not_picked":["Sword Boomerang","Cleave"],"picked":"Sentinel+1","floor":40},{"not_picked":["Burning Pact+1","Brutality"],"picked":"Barricade","floor":42},{"not_picked":["Wild Strike+1","Thunderclap","Anger"],"picked":"SKIP","floor":44},{"not_picked":["Enlightenment+1","Deep Breath+1"],"picked":"Master of Strategy+1","floor":45},{"not_picked":["Secret Technique+1","Secret Weapon+1"],"picked":"Purity+1","floor":45},{"not_picked":["Violence+1","Secret Weapon+1"],"picked":"PanicButton+1","floor":45},{"not_picked":["Ghostly Armor+1","Clothesline+1","Seeing Red+1"],"picked":"SKIP","floor":46},{"not_picked":["Cleave","Clash"],"picked":"True Grit+1","floor":47},{"not_picked":["Spot Weakness+1","Inflame","Clothesline"],"picked":"SKIP","floor":48},{"not_picked":["Headbutt","Spot Weakness+1","Perfected Strike"],"picked":"SKIP","floor":55}],"player_experience":987036,"relics_obtained":[{"floor":6,"key":"Dead Branch"},{"floor":8,"key":"Old Coin"},{"floor":9,"key":"Girya"},{"floor":10,"key":"Toxic Egg 2"},{"floor":12,"key":"Pantograph"},{"floor":14,"key":"Blood Vial"},{"floor":22,"key":"Dream Catcher"},{"floor":23,"key":"Juzu Bracelet"},{"floor":26,"key":"Toy Ornithopter"},{"floor":29,"key":"Gremlin Horn"},{"floor":40,"key":"Magic Flower"},{"floor":42,"key":"PreservedInsect"},{"floor":46,"key":"FossilizedHelix"},{"floor":55,"key":"Oddly Smooth Stone"}],"event_choices":[{"damage_healed":0,"gold_gain":0,"player_choice":"Donut","damage_taken":0,"max_hp_gain":5,"max_hp_loss":0,"event_name":"Big Fish","floor":2,"gold_loss":0},{"damage_healed":0,"gold_gain":0,"cards_transformed":["Strike_R"],"player_choice":"Transformed","damage_taken":0,"max_hp_gain":0,"max_hp_loss":0,"event_name":"Transmorgrifier","floor":3,"gold_loss":0,"cards_obtained":["Flex"]},{"damage_healed":0,"gold_gain":0,"player_choice":"Max HP","damage_taken":0,"max_hp_gain":0,"max_hp_loss":4,"event_name":"Winding Halls","floor":38,"gold_loss":0},{"damage_healed":0,"gold_gain":0,"player_choice":"Memory 3","damage_taken":10,"max_hp_gain":0,"max_hp_loss":0,"event_name":"SensoryStone","floor":45,"gold_loss":0}],"is_beta":false,"boss_relics":[{"not_picked":["SlaversCollar","Black Star"],"picked":"Mark of Pain"},{"not_picked":["Coffee Dripper","Philosopher\u0027s Stone"],"picked":"Snecko Eye"}],"items_purged_floors":[4,11,25,31,54],"is_endless":false,"potions_floor_spawned":[5,6,12,16,18,20,21,28,33,37,40,46,47,55],"ascension_level":20,"potion_discard_per_floor":[[],[],[],[],[],[],[],[],[],[],[],[],[],[],[],[],[],[],[],[],[],[],[],[],[],[],[],[],[],[],[],[],[],[],[],[],[],[],[],["SkillPotion"],[],[],[],[],[],["Strength Potion"],[],[],[],[],[],[],[],[],["Block Potion"],[],[]]}