{"neow_bonuses_skipped_log":["UPGRADE_CARD","TEN_PERCENT_HP_BONUS","BOSS_RELIC"],"potions_obtained_entropic_brew":[[],[],[],[],[],[],[],[],[],[],[],[],[],[]],"neow_costs_skipped_log":["NONE","NONE","NONE"],"gold_per_floor":[364,375,73,148,166,192,192,287,287,329,387,398,323,323],"floor_reached":14,"playtime":515,"items_purged":["Injury"],"score":204,"play_id":"7653d6b9-857f-4e30-bd8a-a3edbab10282","local_time":"20250321210002","score_breakdown":["到達した階層 (14): 70","敵モンスター撃破数 (6): 12","エリート撃破：序章 (2): 20","ボス撃破 (0): 0","アセンション (20): 102"],"is_ascension_mode":true,"potions_obtained_alchemize":[[],[],[],[],[],[],[],[],[],[],[],[],[],[]],"campfire_choices":[{"data":"HandOfGreed","floor":7,"key":"SMITH"}],"lesson_learned_per_floor":[[],[],[],[],[],[],[],[],[],[],[],[],[],[]],"neow_cost":"CURSE","improvable_cards":{},"seed_source_timestamp":160805671309167,"shop_contents":[{"floor":3,"relics":["Akabeko","Art of War"],"cards":["Body Slam","Perfected Strike","Exhume","Metallicize","Madness"],"potions":["AttackPotion","ElixirPotion","PowerPotion"]}],"circlet_count":0,"master_deck":["AscendersBane","Strike_R","Strike_R","Strike_R","Strike_R","Defend_R","Defend_R","Defend_R","Defend_R","Bash","Perfected Strike","Twin Strike","HandOfGreed+1","Armaments","Dark Embrace","Reaper","Pommel Strike","Shrug It Off"],"potion_use_per_floor":[[],[],[],[],[],["AttackPotion"],[],[],[],[],["CultistPotion"],[],[],[]],"relics":["Burning Blood","Membership Card","Dream Catcher","HornCleat","TungstenRod"],"potions_floor_usage":[6,11],"damage_taken":[{"damage":11,"enemies":"Jaw Worm","floor":1,"turns":4},{"damage":1,"enemies":"2 Louse","floor":2,"turns":3},{"damage":1,"enemies":"Cultist","floor":5,"turns":4},{"damage":32,"enemies":"Gremlin Nob","floor":6,"turns":4},{"damage":16,"enemies":"Lots of Slimes","floor":8,"turns":9},{"damage":0,"enemies":"2 Fungi Beasts","floor":10,"turns":5},{"damage":21,"enemies":"Lagavulin","floor":11,"turns":5},{"damage":16,"enemies":"Red Slaver","floor":12,"turns":5},{"damage":21,"enemies":"Lagavulin Event","floor":14,"turns":3}],"seed_played":"2397282180380188854","neow_bonus_log":{"cardsObtained":["Injury"],"cardsUpgraded":[],"cardsRemoved":[],"cardsTransformed":[],"relicsObtained":[],"maxHpGained":0,"goldGained":250,"damageTaken":0,"goldLost":0,"maxHpLost":0},"potions_obtained":[{"floor":5,"key":"AttackPotion"},{"floor":8,"key":"CultistPotion"},{"floor":10,"key":"Explosive Potion"}],"is_trial":false,"path_per_floor":["M","M","$","?","M","E","R","M","T","M","E","M","?","?"],"character_chosen":"IRONCLAD","basemod:card_modifiers":[null,null,null,null,null,null,null,null,null,null,null,null,null,null,null,null,null,null],"items_purchased":["Membership Card","HandOfGreed","Armaments"],"campfire_rested":0,"item_purchase_floors":[3,3,3],"current_hp_per_floor":[63,68,68,57,62,36,36,29,29,39,24,14,14,0],"gold":323,"neow_bonus":"TWO_FIFTY_GOLD","is_prod":false,"is_daily":false,"rewards_skipped":[],"chose_seed":false,"campfire_upgraded":1,"win_rate":0,"floor_exit_playtime":[48,74,102,105,141,185,194,296,302,361,415,470,483],"timestamp":1742558402,"path_taken":["M","M","$","?","M","E","R","M","T","M","E","M","?","?"],"build_version":"2022-12-18","purchased_purges":1,"victory":false,"max_hp_per_floor":[75,75,75,75,75,75,75,75,75,75,75,75,75,75],"relic_stats":{"Dream Catcher":0,"counters":[9,42],"Membership Card":140,"obtain_stats":[{"Dream Catcher":6,"HornCleat":9,"Membership Card":3,"Burning Blood":0,"TungstenRod":11},{"Dream Catcher":4,"HornCleat":5,"Membership Card":2,"Burning Blood":0,"TungstenRod":7},{"Dream Catcher":15,"HornCleat":24,"Membership Card":7,"Burning Blood":0,"TungstenRod":34}],"Burning Blood":48,"TungstenRod":4},"card_choices":[{"not_picked":["Shrug It Off","Armaments"],"picked":"Perfected Strike","floor":1},{"not_picked":["Clothesline","True Grit"],"picked":"Twin Strike","floor":2},{"not_picked":["Clash","Wild Strike"],"picked":"Dark Embrace","floor":5},{"not_picked":["Havoc","Perfected Strike"],"picked":"Reaper","floor":6},{"not_picked":["Disarm","Wild Strike","True Grit"],"picked":"SKIP","floor":8},{"not_picked":["Clash","Shrug It Off"],"picked":"Pommel Strike","floor":10},{"not_picked":["Iron Wave","Pummel","Wild Strike"],"picked":"SKIP","floor":11},{"not_picked":["Twin Strike","Wild Strike"],"picked":"Shrug It Off","floor":12}],"player_experience":991614,"relics_obtained":[{"floor":6,"key":"Dream Catcher"},{"floor":9,"key":"HornCleat"},{"floor":11,"key":"TungstenRod"}],"event_choices":[{"damage_healed":0,"gold_gain":75,"player_choice":"Gather Gold","damage_taken":11,"max_hp_gain":0,"max_hp_loss":0,"event_name":"World of Goop","floor":4,"gold_loss":0},{"cards_removed":["Strike_R"],"damage_healed":0,"gold_gain":0,"player_choice":"Card Removal","damage_taken":0,"max_hp_gain":0,"max_hp_loss":0,"event_name":"The Cleric","floor":13,"gold_loss":75},{"damage_healed":0,"gold_gain":0,"player_choice":"Searched \u00271\u0027 times","damage_taken":0,"max_hp_gain":0,"max_hp_loss":0,"event_name":"Dead Adventurer","floor":14,"gold_loss":0}],"is_beta":false,"boss_relics":[],"items_purged_floors":[3],"is_endless":false,"potions_floor_spawned":[5,8,10],"killed_by":"Lagavulin Event","ascension_level":20,"potion_discard_per_floor":[[],[],[],[],[],[],[],[],[],[],[],[],[],[]]}